1877 3146
228 142 283 181 16
823 141 884 184 M.
917 141 1169 184 MANILII

285 256 352 288 175
406 250 646 306 coniunges,
668 257 844 293 teneant
863 251 1054 307 proprias
1074 257 1124 293 ut
1142 251 1307 308 singula
1326 253 1457 295 sedes.

407 330 462 375 et,
484 339 536 366 ne
555 325 665 367 forte
684 340 818 381 uagus
838 326 1052 367 Fortunae
1072 340 1270 381 quaerere
1290 327 1433 369 sedem

406 399 594 454 incipias,
616 399 775 455 duplici
796 405 956 442 certam
974 399 1138 441 ratione
1159 414 1339 456 capesse.

406 487 503 514 cum
522 473 615 524 tibi,
637 473 849 515 nascentis
868 479 1068 529 percepto
1087 479 1292 530 tempore,
1315 474 1451 516 forma

406 547 645 589 constiterit
664 547 780 598 caeli,
803 548 934 589 stellis
953 548 1008 589 ad
1028 548 1147 603 signa
1166 548 1328 598 locatis,

285 629 350 660 180
405 627 647 664 transuerso
668 621 864 664 Phoebus
884 622 918 664 si
938 622 1108 664 cardine
1127 623 1275 664 celsior
1294 623 1374 665 ibit

408 696 479 750 qui
498 701 617 738 tenet
638 702 834 738 exortum
853 697 920 738 uel
942 696 1014 752 qui
1035 696 1242 752 demergit
1260 697 1304 739 in
1323 697 1472 748 undas,

406 784 480 825 per
498 775 669 825 tempus
688 771 787 812 licet
806 770 1002 812 adfirmes
1022 777 1174 812 natum
1194 786 1282 813 esse
1301 771 1395 814 diei.

405 851 463 896 at,
485 846 519 887 si
540 846 739 888 subiectis
759 846 869 888 senis
888 846 1068 902 fulgebit
1087 847 1131 888 in
1150 847 1275 889 astris

404 919 575 962 inferior
594 920 745 962 dextra
766 921 972 976 laeuaque
990 920 1237 963 tenentibus
1257 921 1402 963 orbem

283 1001 349 1033 185
404 994 657 1046 cardinibus,
679 995 817 1037 noctis
836 995 964 1037 fuerit
984 1010 1058 1051 per
1076 1002 1271 1051 tempora
1292 1002 1431 1038 natus.

405 1069 507 1111 haec
526 1069 605 1111 tibi
626 1084 723 1111 cum
742 1069 901 1111 fuerint
922 1076 1037 1112 certo
1058 1070 1298 1112 discrimine
1317 1076 1434 1121 nota,

403 1148 520 1193 tunc,
542 1144 576 1185 si
596 1144 706 1186 forte
726 1144 814 1186 dies
834 1150 1079 1186 nascentem
1100 1145 1312 1200 exceperit
1332 1145 1457 1196 alma,

404 1232 429 1259 a
451 1217 543 1260 Sole
563 1218 617 1259 ad
638 1218 804 1259 Lunam
823 1218 1064 1260 numerabis
1084 1218 1127 1259 in
1148 1218 1293 1260 ordine
1312 1224 1455 1274 partes

405 1291 632 1347 signorum,
654 1293 794 1334 ortiuo
813 1292 997 1334 totidem
1016 1293 1068 1334 de
1089 1292 1259 1335 cardine
1278 1293 1418 1344 duces,

222 1387 342 1419 ordine
358 1387 517 1419 uersibus
538 1388 667 1420 96-155
684 1388 863 1429 praedicto
887 1388 1065 1429 coniungas·
1086 1388 1190 1429 siquis
1211 1389 1437 1428 subeuntibus,
1456 1388 1492 1421 id
1509 1392 1564 1421 est
1582 1389 1764 1428 ἐπομένοισ,

223 1441 264 1470 ut
285 1439 349 1471 516
369 1439 547 1471 subeuntia
569 1439 668 1480 siqua
692 1451 759 1471 non
785 1439 953 1471 differunt
977 1451 997 1471 a
1020 1440 1230 1481 sequentibus
1253 1440 1356 1472 aseris
1379 1441 1453 1472 519.
1502 1440 1584 1472 uide
1600 1441 1642 1472 85
1657 1445 1767 1472 cetera

222 1491 403 1522 succedunt
446 1491 615 1532 siqnisque
658 1491 867 1532 sequentibus
906 1491 1055 1524 haerent.
1104 1491 1192 1524 dicit
1235 1492 1346 1533 igitur
1391 1492 1632 1524 sinistrorsum
1669 1491 1768 1524 athla

223 1542 401 1573 numerari
490 1542 551 1574 175
569 1546 610 1574 ut
627 1546 676 1574 GL
691 1546 728 1574 et
750 1543 813 1574 hoc
833 1543 908 1574 1000
929 1546 974 1581 Μ,
994 1543 1055 1584 qui
1074 1545 1154 1584 post
1173 1544 1234 1575 153
1251 1547 1287 1575 et
1306 1543 1450 1576 exhibet
1539 1543 1601 1575 176
1617 1546 1655 1575 et
1668 1552 1712 1575 ne
1728 1545 1765 1582 G,

223 1596 241 1625 t
260 1602 304 1625 ne
322 1596 356 1632 L,
379 1597 415 1626 et
435 1596 473 1625 ni
494 1597 527 1625 M
548 1598 631 1625 ante
654 1596 725 1633 154,
748 1594 813 1626 hoc
837 1594 912 1626 loco
935 1597 970 1633 fi,
993 1594 1123 1626 initiali
1147 1594 1359 1626 rubricatori
1383 1595 1518 1627 relicta.
1567 1605 1707 1626 uersum
1731 1595 1768 1626 in

225 1645 312 1676 duas
333 1645 443 1677 lineas
465 1645 635 1677 distrahit
649 1649 673 1677 L
688 1646 760 1678 ita:
786 1651 797 1677 t
813 1656 852 1677 ne
865 1646 960 1686 sorte
977 1657 1086 1687 uaqus
1106 1645 1110 1687 Ι
1124 1646 1291 1686 fortunae
1309 1657 1490 1688 quererem
1506 1646 1617 1678 sedem
1705 1645 1767 1678 177

223 1699 358 1735 duplici
378 1700 447 1735 LM,
475 1699 650 1735 duplicem
674 1696 736 1728 GL²
823 1701 957 1729 certam
980 1697 1174 1736 Bentleius,
1199 1701 1297 1730 certa
1321 1697 1419 1730 libra.
1469 1697 1651 1729 Bentleius
1674 1697 1769 1739 quod

223 1747 399 1789 duplicem
423 1759 497 1780 esse
520 1752 626 1790 negat
650 1749 827 1780 Fortunae
851 1749 980 1787 sedem,
1000 1749 1136 1781 fallitur
1160 1749 1218 1780 ille
1241 1748 1394 1791 quidem,
1419 1748 1481 1780 sed
1505 1752 1623 1781 tamen
1646 1748 1769 1780 scitior

223 1799 298 1831 eius
329 1799 473 1832 uidetur
503 1801 704 1832 coniectura
734 1811 837 1842 quam
870 1800 963 1842 quod
992 1800 1054 1832 GL2
1085 1800 1275 1832 effecerunt
1364 1800 1512 1832 178—193
1543 1800 1670 1832 diurna
1700 1800 1769 1832 loci

224 1851 402 1883 Fortunae
419 1852 622 1884 inueniendi
638 1852 739 1884 ratio.
788 1855 908 1894 partes
920 1852 1053 1884 zodiaci
1069 1863 1090 1884 a
1106 1852 1185 1885 Sole
1202 1852 1245 1883 ad
1262 1852 1397 1884 Lunam
1414 1863 1559 1884 numera
1574 1851 1768 1884 seeundum

223 1902 383 1934 ordinem
411 1903 588 1945 signorum
616 1914 656 1935 ac
684 1903 811 1935 deinde
838 1903 988 1935 totidem
1012 1903 1134 1935 eodem
1157 1903 1279 1935 ordine
1303 1904 1346 1935 ab
1370 1903 1582 1946 horoscopo:
1618 1903 1684 1935 hae
1706 1903 1768 1935 ubi

224 1953 400 1993 deficient,
427 1954 476 1986 ibi
501 1955 702 1986 inuenietur
726 1954 822 1986 locus
851 1955 1037 1986 Fortunae.
1086 1955 1141 1987 fac
1165 1954 1280 1987 Solem
1304 1956 1338 1986 in
1363 1954 1498 1987 Cancro
1520 1965 1607 1993 esse,
1631 1954 1768 1986 Lunam

223 2005 259 2037 in
286 2005 445 2048 Virgine,
478 2015 506 2037 11
537 2007 713 2048 signorum
747 2006 862 2048 spatio
889 2006 1094 2045 distantem,
1124 2007 1355 2048 horoscopum
1381 2006 1417 2038 in
1444 2006 1560 2038 Libra.
1611 2015 1640 2038 11
1668 2007 1768 2048 signa

224 2067 368 2088 numera
391 2068 412 2088 a
435 2057 562 2089 Libra:
587 2058 682 2089 locus
706 2057 884 2089 Fortunae
907 2058 1109 2089 inuenietur
1132 2059 1167 2089 in
1192 2058 1395 2099 Sagittario,
1414 2057 1564 2089 militiae
1587 2057 1623 2089 in
1647 2057 1767 2099 Capri-

226 2119 341 2147 corno,
361 2109 495 2150 reliqua
512 2109 685 2151 deinceps.
735 2109 819 2141 haec
842 2109 934 2141 ratio
957 2112 993 2141 ct
1016 2108 1195 2142 C.C.A.G.
1211 2118 1225 2141 1
1244 2120 1276 2151 p.
1297 2109 1357 2143 167
1376 2110 1503 2141 19-168
1522 2110 1561 2142 13
1578 2109 1768 2151 exponitur

224 2162 261 2191 et
276 2171 346 2191 una
362 2171 440 2192 cum
457 2164 629 2192 nocturna
645 2161 723 2192 aliis
740 2161 825 2192 locis
848 2171 935 2203 quos
952 2162 987 2192 in
1004 2160 1222 2203 praefatione
1239 2161 1363 2202 collegi
1452 2160 1513 2192 178
1528 2161 1652 2202 forma
1668 2160 1765 2200 caeli,

226 2213 316 2250 θέμα,
336 2215 377 2243 ut
394 2220 407 2243 1
424 2213 465 2244 60
479 2212 630 2252 formae,
651 2213 691 2243 58
712 2212 797 2244 caeli
812 2212 943 2253 species,
964 2212 1052 2244 Gell.
1070 2221 1136 2244 XIV
1158 2214 1172 2243 1
1197 2213 1237 2244 15
1260 2222 1325 2253 quo
1341 2211 1460 2244 habitu
1476 2222 1610 2253 quaque
1624 2211 1768 2253 forma

225 2273 358 2304 quaque
386 2262 544 2303 positura
579 2264 792 2295 stellarum
828 2263 954 2304 aliquis
983 2268 1189 2302 nasceretur,
1226 2264 1264 2295 21
1299 2263 1561 2304 uniuscuiusque
1591 2263 1768 2295 stellarum

214 2314 378 2355 formae
406 2319 434 2346 et
459 2315 638 2356 positIOnis
665 2320 787 2346 sortem
813 2320 914 2356 atque
931 2315 1116 2356 fortzmam
1142 2314 1203 2346 'uni
1229 2314 1366 2346 omnino
1389 2314 1518 2346 homini
1541 2319 1669 2347 certam
1691 2314 1764 2346 des-

226 2366 437 2407 tinatamque
466 2377 530 2399 esse
558 2377 698 2408 eamque
719 2366 900 2406 formam
923 2371 999 2407 post
1024 2366 1221 2406 Ionfyz'ssima
1248 2366 1459 2398 saeculorum
1482 2365 1598 2407 spatia
1619 2365 1764 2398 restitui.

225 2417 317 2449 idem
343 2417 519 2459 significat
540 2418 662 2458 fissura
689 2427 718 2449 11
744 2419 818 2456 856,
846 2418 906 2449 ubi
931 2417 1012 2449 uide
1038 2417 1208 2449 adnotata
1298 2417 1360 2449 179
1388 2417 1612 2459 interpunxit
1638 2417 1767 2449 Boniu-

226 2469 382 2501 contrius
470 2472 672 2501 constiterit
692 2469 775 2508 ΠΜ,
794 2478 873 2501 cum
894 2472 1038 2501 steterit
1056 2472 1090 2508 L,
1109 2472 1335 2502 constiterint
1351 2473 1377 2501 G
1465 2468 1527 2500 180
1542 2471 1574 2501 si
1589 2471 1649 2507 GL,
1668 2471 1717 2501 sic
1733 2471 1768 2501 Μ

314 2520 375 2551 183
396 2523 492 2552 senis
515 2521 827 2563 Regiomontanus‚
846 2523 940 2552 senis
960 2524 994 2558 L,
1014 2523 1132 2552 saeuis
1151 2524 1186 2559 G,
1206 2529 1312 2552 senus
1330 2523 1375 2559 Μ,
1394 2523 1551 2559 phoebus
1572 2519 1766 2560 Bentleius,

225 2572 286 2613 qui
317 2571 410 2613 quod
441 2572 476 2603 in
508 2572 661 2604 subiectis
692 2572 778 2604 ceni-s
809 2582 878 2603 non
914 2572 1045 2603 bellum
1081 2582 1155 2604 esse
1190 2572 1270 2604 uult
1305 2571 1623 2610 homoeoteleuton,
1656 2571 1767 2604 nihilo

226 2623 420 2664 elegantius
451 2624 487 2655 in
518 2624 628 2665 ipsius
659 2624 808 2655 lectione
840 2623 994 2655 Phoebus
1021 2634 1062 2655 ex
1094 2634 1126 2655 u.
1157 2625 1220 2656 180
1249 2623 1409 2655 iteratur.
1458 2625 1618 2654 neutram
1648 2622 1768 2665 potius

226 2674 374 2706 adiuuat
396 2675 459 2708 379
482 2675 566 2707 dum
592 2685 659 2707 sem
681 2675 859 2706 submersis
883 2680 1038 2707 nectatur
1063 2675 1245 2707 Phoebus
1271 2675 1307 2707 in
1330 2674 1434 2706 astris
1522 2673 1584 2704 184
1607 2673 1691 2705 ordo
1714 2677 1769 2706 est

226 2725 372 2766 inferior
387 2726 583 2758 cardinibus
599 2727 708 2758 orbem
734 2726 857 2757 (lextra
878 2726 1043 2767 laeuaque
1065 2726 1260 2766 tenentibus,
1279 2725 1372 2768 quod
1395 2728 1436 2757 ut
1456 2725 1542 2756 mihi
1558 2725 1768 2758 monendum

227 2781 320 2809 esset
341 2777 458 2808 Iacobi
475 2781 510 2809 et
528 2777 691 2809 Becherti
710 2777 945 2819 peruersitate
967 2777 1128 2809 effectum
1152 2781 1206 2810 est
1296 2777 1357 2808 185
1378 2780 1486 2809 natus
1507 2775 1579 2815 GL2,
1599 2778 1695 2808 natis
1710 2779 1768 2809 Lm

315 2828 376 2859 187
393 2831 570 2867 exceperit
581 2829 655 2868 GL‘2,
674 2831 845 2867 exciperit
859 2831 917 2860 LM
1008 2829 1068 2859 188
1085 2840 1150 2861 om.
1172 2832 1221 2861 GL
1242 2829 1316 2861 cod.
1332 2828 1491 2860 Venetus
1507 2827 1551 2859 ob
1566 2827 1618 2859 bis
1635 2829 1768 2870 positae

227 2880 367 2912 litteras
389 2880 488 2911 rdine
577 2883 622 2912 ad
644 2883 767 2912 lunam
791 2879 878 2911 Vrb.
906 2880 980 2918 667,
1007 2883 1152 2911 alunam
1176 2884 1210 2912 Μ
1300 2879 1362 2910 189
1387 2881 1503 2911 ortiuo
1529 2881 1678 2911 totidem
1705 2882 1766 2919 GL,
