<?xml version="1.0" encoding="UTF-8"?>
<!DOCTYPE html PUBLIC "-//W3C//DTD XHTML 1.0 Transitional//EN"
    "http://www.w3.org/TR/xhtml1/DTD/xhtml1-transitional.dtd">
<html xmlns="http://www.w3.org/1999/xhtml" xml:lang="en" lang="en">
 <head>
  <title>
</title>
<meta http-equiv="Content-Type" content="text/html;charset=utf-8" />
  <meta name='ocr-system' content='tesseract 3.04.00' />
  <meta name='ocr-capabilities' content='ocr_page ocr_carea ocr_par ocr_line ocrx_word'/>
</head>
<body>
  <div class='ocr_page' id='page_1' title='image "astronomiconrece03maniuoft_0065.png"; bbox 0 0 1877 3146; ppageno 0'>
   <div class='ocr_carea' id='block_1_1' title="bbox 621 91 1693 134">
    <p class='ocr_par' dir='ltr' id='par_1_1' title="bbox 621 91 1693 134">
     <span class='ocr_line' id='line_1_1' title="bbox 621 91 1693 134; baseline -0.001 0"><span class='ocrx_word' id='word_1_1' title='bbox 621 91 1107 134; x_wconf 80' lang='lat' dir='ltr'><strong>ASTRONOMICON</strong></span> <span class='ocrx_word' id='word_1_2' title='bbox 1149 92 1224 134; x_wconf 88' lang='lat' dir='ltr'>III</span> <span class='ocrx_word' id='word_1_3' title='bbox 1641 95 1664 133; x_wconf 92' lang='lat'>3</span> <span class='ocrx_word' id='word_1_4' title='bbox 1674 95 1693 133; x_wconf 92' lang='lat' dir='ltr'>l</span> 
     </span>
    </p>
   </div>
   <div class='ocr_carea' id='block_1_2' title="bbox 205 202 1583 482">
    <p class='ocr_par' dir='ltr' id='par_1_2' title="bbox 205 202 1583 482">
     <span class='ocr_line' id='line_1_2' title="bbox 205 202 1355 258; baseline -0.001 -14"><span class='ocrx_word' id='word_1_5' title='bbox 205 212 275 244; x_wconf 86' lang='lat'>325</span> <span class='ocrx_word' id='word_1_6' title='bbox 330 217 403 258; x_wconf 90' lang='lat' dir='ltr'>per</span> <span class='ocrx_word' id='word_1_7' title='bbox 423 217 615 244; x_wconf 85' lang='lat' dir='ltr'>conuexa</span> <span class='ocrx_word' id='word_1_8' title='bbox 635 202 790 258; x_wconf 84' lang='lat' dir='ltr'>gradus</span> <span class='ocrx_word' id='word_1_9' title='bbox 810 216 998 258; x_wconf 84' lang='lat' dir='ltr'><strong>gressum</strong></span> <span class='ocrx_word' id='word_1_10' title='bbox 1018 202 1187 258; x_wconf 85' lang='lat' dir='ltr'>fastigia</span> <span class='ocrx_word' id='word_1_11' title='bbox 1206 207 1355 252; x_wconf 83' lang='lat' dir='ltr'>terrae,</span> 
     </span>
     <span class='ocr_line' id='line_1_3' title="bbox 331 277 1302 332; baseline 0.001 -14"><span class='ocrx_word' id='word_1_12' title='bbox 331 291 459 332; x_wconf 87' lang='lat' dir='ltr'>quam</span> <span class='ocrx_word' id='word_1_13' title='bbox 479 277 604 319; x_wconf 87' lang='lat' dir='ltr'>tereti</span> <span class='ocrx_word' id='word_1_14' title='bbox 624 282 779 318; x_wconf 87' lang='lat' dir='ltr'>natura</span> <span class='ocrx_word' id='word_1_15' title='bbox 797 277 887 318; x_wconf 89' lang='lat' dir='ltr'>solo</span> <span class='ocrx_word' id='word_1_16' title='bbox 907 277 1137 319; x_wconf 86' lang='lat' dir='ltr'>decircinat</span> <span class='ocrx_word' id='word_1_17' title='bbox 1157 277 1302 319; x_wconf 86' lang='lat' dir='ltr'>orbem</span> 
     </span>
     <span class='ocr_line' id='line_1_4' title="bbox 331 351 1583 407; baseline -0.001 -15"><span class='ocrx_word' id='word_1_18' title='bbox 331 352 374 393; x_wconf 88' lang='lat' dir='ltr'>in</span> <span class='ocrx_word' id='word_1_19' title='bbox 393 351 607 393; x_wconf 86' lang='lat' dir='ltr'>tumidum</span> <span class='ocrx_word' id='word_1_20' title='bbox 629 356 672 392; x_wconf 87' lang='lat' dir='ltr'>et</span> <span class='ocrx_word' id='word_1_21' title='bbox 692 351 876 392; x_wconf 87' lang='lat' dir='ltr'>mediam</span> <span class='ocrx_word' id='word_1_22' title='bbox 896 351 1056 393; x_wconf 91' lang='lat' dir='ltr'>mundo</span> <span class='ocrx_word' id='word_1_23' title='bbox 1075 351 1297 407; x_wconf 89' lang='lat' dir='ltr'>suspendit</span> <span class='ocrx_word' id='word_1_24' title='bbox 1317 351 1371 392; x_wconf 88' lang='lat' dir='ltr'>ab</span> <span class='ocrx_word' id='word_1_25' title='bbox 1392 351 1583 400; x_wconf 82' lang='lat' dir='ltr'>omni,—</span> 
     </span>
     <span class='ocr_line' id='line_1_5' title="bbox 331 425 1524 482; baseline -0.001 -15"><span class='ocrx_word' id='word_1_26' title='bbox 331 440 428 482; x_wconf 86' lang='lat' dir='ltr'>ergo</span> <span class='ocrx_word' id='word_1_27' title='bbox 447 425 520 467; x_wconf 91' lang='lat' dir='ltr'>ubi</span> <span class='ocrx_word' id='word_1_28' title='bbox 539 426 793 467; x_wconf 77' lang='lat' dir='ltr'>conscendes</span> <span class='ocrx_word' id='word_1_29' title='bbox 813 426 960 468; x_wconf 82' lang='lat' dir='ltr'>orbem</span> <span class='ocrx_word' id='word_1_30' title='bbox 978 426 1270 482; x_wconf 78' lang='lat' dir='ltr'>scandensque</span> <span class='ocrx_word' id='word_1_31' title='bbox 1290 426 1524 468; x_wconf 85' lang='lat' dir='ltr'>rotundum</span> 
     </span>
    </p>
   </div>
   <div class='ocr_carea' id='block_1_3' title="bbox 143 556 1705 2872">
    <p class='ocr_par' dir='ltr' id='par_1_3' title="bbox 143 556 1705 2872">
     <span class='ocr_line' id='line_1_6' title="bbox 150 556 1693 599; baseline 0 -11"><span class='ocrx_word' id='word_1_32' title='bbox 150 557 251 589; x_wconf 81' lang='lat' dir='ltr'>Voss.</span> <span class='ocrx_word' id='word_1_33' title='bbox 274 559 313 590; x_wconf 89' lang='grc'>18</span> <span class='ocrx_word' id='word_1_34' title='bbox 330 557 471 599; x_wconf 80' lang='lat' dir='ltr'>aliique,</span> <span class='ocrx_word' id='word_1_35' title='bbox 491 557 548 589; x_wconf 88' lang='lat' dir='ltr'>cui</span> <span class='ocrx_word' id='word_1_36' title='bbox 565 556 785 588; x_wconf 87' lang='lat' dir='ltr'>coniecturae</span> <span class='ocrx_word' id='word_1_37' title='bbox 807 567 911 589; x_wconf 86' lang='lat' dir='ltr'>sensu</span> <span class='ocrx_word' id='word_1_38' title='bbox 935 568 1067 589; x_wconf 86' lang='lat' dir='ltr'>uacuae</span> <span class='ocrx_word' id='word_1_39' title='bbox 1091 557 1244 589; x_wconf 82' lang='lat' dir='ltr'>editores</span> <span class='ocrx_word' id='word_1_40' title='bbox 1266 568 1346 589; x_wconf 86' lang='lat' dir='ltr'>suas</span> <span class='ocrx_word' id='word_1_41' title='bbox 1368 558 1693 599; x_wconf 85' lang='lat' dir='ltr'>superstruxerunt,</span> 
     </span>
     <span class='ocr_line' id='line_1_7' title="bbox 151 608 1698 651; baseline -0.001 -10"><span class='ocrx_word' id='word_1_42' title='bbox 151 608 306 651; x_wconf 85' lang='lat' dir='ltr'>Scaliger</span> <span class='ocrx_word' id='word_1_43' title='bbox 319 608 561 650; x_wconf 65' lang='lat' dir='ltr'>praeverterit,</span> <span class='ocrx_word' id='word_1_44' title='bbox 581 608 763 640; x_wconf 89' lang='lat' dir='ltr'>Bentleius</span> <span class='ocrx_word' id='word_1_45' title='bbox 779 609 973 641; x_wconf 78' lang='lat' dir='ltr'>denerterz‘s.</span> <span class='ocrx_word' id='word_1_46' title='bbox 1023 619 1086 651; x_wconf 88' lang='lat' dir='ltr'>pro</span> <span class='ocrx_word' id='word_1_47' title='bbox 1107 609 1221 641; x_wconf 67' lang='lat' dir='ltr'>sanxit</span> <span class='ocrx_word' id='word_1_48' title='bbox 1236 619 1280 641; x_wconf 93' lang='lat'>111</span> <span class='ocrx_word' id='word_1_49' title='bbox 1293 611 1335 642; x_wconf 88' lang='lat'>65</span> <span class='ocrx_word' id='word_1_50' title='bbox 1350 613 1384 641; x_wconf 89' lang='lat' dir='ltr'>M</span> <span class='ocrx_word' id='word_1_51' title='bbox 1400 619 1479 641; x_wconf 81' lang='lat' dir='ltr'>sane</span> <span class='ocrx_word' id='word_1_52' title='bbox 1492 608 1547 648; x_wconf 78' lang='lat' dir='ltr'>sit,</span> <span class='ocrx_word' id='word_1_53' title='bbox 1563 609 1626 640; x_wconf 89' lang='lat' dir='ltr'>hoc</span> <span class='ocrx_word' id='word_1_54' title='bbox 1644 611 1698 640; x_wconf 87' lang='lat' dir='ltr'>est</span> 
     </span>
     <span class='ocr_line' id='line_1_8' title="bbox 150 660 1697 703; baseline -0.001 -11"><span class='ocrx_word' id='word_1_55' title='bbox 150 661 277 693; x_wconf 73' lang='lat' dir='ltr'>sancsit</span> <span class='ocrx_word' id='word_1_56' title='bbox 364 669 449 692; x_wconf 79' lang='lat' dir='ltr'>axes</span> <span class='ocrx_word' id='word_1_57' title='bbox 476 660 670 700; x_wconf 77' lang='lat' dir='ltr'>Beutleius,</span> <span class='ocrx_word' id='word_1_58' title='bbox 696 669 762 692; x_wconf 82' lang='lat' dir='ltr'>axe</span> <span class='ocrx_word' id='word_1_59' title='bbox 790 660 881 692; x_wconf 82' lang='lat' dir='ltr'>libri.</span> <span class='ocrx_word' id='word_1_60' title='bbox 930 664 1025 692; x_wconf 88' lang='lat' dir='ltr'>recte</span> <span class='ocrx_word' id='word_1_61' title='bbox 1051 660 1159 693; x_wconf 82' lang='lat' dir='ltr'>habet</span> <span class='ocrx_word' id='word_1_62' title='bbox 1184 661 1344 703; x_wconf 83' lang='lat' dir='ltr'>pluralis,</span> <span class='ocrx_word' id='word_1_63' title='bbox 1370 672 1450 693; x_wconf 89' lang='lat' dir='ltr'>nam</span> <span class='ocrx_word' id='word_1_64' title='bbox 1478 661 1521 692; x_wconf 93' lang='lat' dir='ltr'>de</span> <span class='ocrx_word' id='word_1_65' title='bbox 1548 660 1697 692; x_wconf 73' lang='lat' dir='ltr'>australi</span> 
     </span>
     <span class='ocr_line' id='line_1_9' title="bbox 151 712 1699 755; baseline -0.001 -11"><span class='ocrx_word' id='word_1_66' title='bbox 151 712 231 755; x_wconf 88' lang='lat' dir='ltr'>polo</span> <span class='ocrx_word' id='word_1_67' title='bbox 248 723 316 744; x_wconf 92' lang='lat' dir='ltr'>non</span> <span class='ocrx_word' id='word_1_68' title='bbox 335 712 449 744; x_wconf 86' lang='lat' dir='ltr'>minus</span> <span class='ocrx_word' id='word_1_69' title='bbox 467 722 588 744; x_wconf 89' lang='lat' dir='ltr'>uerum</span> <span class='ocrx_word' id='word_1_70' title='bbox 609 715 664 744; x_wconf 84' lang='lat' dir='ltr'>est</span> <span class='ocrx_word' id='word_1_71' title='bbox 685 712 779 753; x_wconf 85' lang='lat' dir='ltr'>quod</span> <span class='ocrx_word' id='word_1_72' title='bbox 801 712 932 744; x_wconf 84' lang='lat' dir='ltr'>dicitur</span> <span class='ocrx_word' id='word_1_73' title='bbox 953 723 1058 754; x_wconf 88' lang='lat' dir='ltr'>quam</span> <span class='ocrx_word' id='word_1_74' title='bbox 1079 712 1122 744; x_wconf 87' lang='lat' dir='ltr'>de</span> <span class='ocrx_word' id='word_1_75' title='bbox 1142 716 1282 745; x_wconf 84' lang='lat' dir='ltr'>nostro:</span> <span class='ocrx_word' id='word_1_76' title='bbox 1308 713 1437 746; x_wconf 82' lang='lat' dir='ltr'>Cleom.</span> <span class='ocrx_word' id='word_1_77' title='bbox 1458 722 1472 744; x_wconf 91' lang='lat'>1</span> <span class='ocrx_word' id='word_1_78' title='bbox 1495 714 1515 745; x_wconf 92' lang='lat'><strong><em>5</em></strong></span> <span class='ocrx_word' id='word_1_79' title='bbox 1539 713 1608 752; x_wconf 86' lang='grc'><strong>(24)</strong></span> <span class='ocrx_word' id='word_1_80' title='bbox 1633 713 1699 743; x_wconf 81' lang='grc' dir='ltr'>ἀπὸ</span> 
     </span>
     <span class='ocr_line' id='line_1_10' title="bbox 150 764 1698 805; baseline -0.001 -10"><span class='ocrx_word' id='word_1_81' title='bbox 150 765 214 805; x_wconf 75' lang='grc' dir='ltr'>γὰρ</span> <span class='ocrx_word' id='word_1_82' title='bbox 230 766 293 795; x_wconf 81' lang='grc' dir='ltr'>τῶν</span> <span class='ocrx_word' id='word_1_83' title='bbox 310 765 372 795; x_wconf 81' lang='grc' dir='ltr'>ὑπὸ</span> <span class='ocrx_word' id='word_1_84' title='bbox 387 765 442 795; x_wconf 90' lang='grc' dir='ltr'>τὸν</span> <span class='ocrx_word' id='word_1_85' title='bbox 460 765 638 805; x_wconf 86' lang='grc' dir='ltr'>ἰσημερινὸν</span> <span class='ocrx_word' id='word_1_86' title='bbox 663 765 764 795; x_wconf 82' lang='grc' dir='ltr'>ἐκεῖσε</span> <span class='ocrx_word' id='word_1_87' title='bbox 788 765 1007 805; x_wconf 81' lang='grc' dir='ltr'>πορευομένων</span> <span class='ocrx_word' id='word_1_88' title='bbox 1032 764 1047 795; x_wconf 90' lang='grc' dir='ltr'>ὁ</span> <span class='ocrx_word' id='word_1_89' title='bbox 1070 766 1128 803; x_wconf 77' lang='grc' dir='ltr'>μὲν</span> <span class='ocrx_word' id='word_1_90' title='bbox 1150 766 1280 805; x_wconf 81' lang='grc' dir='ltr'>βόρειοσ</span> <span class='ocrx_word' id='word_1_91' title='bbox 1300 766 1405 796; x_wconf 84' lang='grc' dir='ltr'>πόλοσ</span> <span class='ocrx_word' id='word_1_92' title='bbox 1427 766 1558 804; x_wconf 83' lang='grc' dir='ltr'>ἀφανὴσ</span> <span class='ocrx_word' id='word_1_93' title='bbox 1573 766 1698 805; x_wconf 71' lang='grc' dir='ltr'>γίνεται</span> 
     </span>
     <span class='ocr_line' id='line_1_11' title="bbox 151 815 1698 858; baseline 0.001 -11"><span class='ocrx_word' id='word_1_94' title='bbox 151 816 168 847; x_wconf 88' lang='grc' dir='ltr'><strong>ὁ</strong></span> <span class='ocrx_word' id='word_1_95' title='bbox 195 817 229 847; x_wconf 83' lang='grc' dir='ltr'>δὲ</span> <span class='ocrx_word' id='word_1_96' title='bbox 253 817 362 848; x_wconf 84' lang='grc' dir='ltr'>νότιοσ</span> <span class='ocrx_word' id='word_1_97' title='bbox 386 817 540 857; x_wconf 78' lang='grc' dir='ltr'>ἐξαίρεται</span> <span class='ocrx_word' id='word_1_98' title='bbox 630 815 693 846; x_wconf 88' lang='grc'>325</span> <span class='ocrx_word' id='word_1_99' title='bbox 719 819 851 852; x_wconf 82' lang='lat' dir='ltr'>gradus</span> <span class='ocrx_word' id='word_1_100' title='bbox 878 819 938 854; x_wconf 81' lang='lat' dir='ltr'>GL,</span> <span class='ocrx_word' id='word_1_101' title='bbox 964 818 1087 853; x_wconf 79' lang='lat' dir='ltr'>grauis</span> <span class='ocrx_word' id='word_1_102' title='bbox 1113 819 1158 854; x_wconf 87' lang='lat' dir='ltr'>M,</span> <span class='ocrx_word' id='word_1_103' title='bbox 1178 819 1218 848; x_wconf 86' lang='lat' dir='ltr'>ut</span> <span class='ocrx_word' id='word_1_104' title='bbox 1245 825 1274 848; x_wconf 90' lang='lat'>11</span> <span class='ocrx_word' id='word_1_105' title='bbox 1301 817 1363 851; x_wconf 85' lang='lat'>671</span> <span class='ocrx_word' id='word_1_106' title='bbox 1390 816 1555 858; x_wconf 62' lang='lat' dir='ltr'>amnibus</span> <span class='ocrx_word' id='word_1_107' title='bbox 1579 826 1698 848; x_wconf 84' lang='lat' dir='ltr'>omnes</span> 
     </span>
     <span class='ocr_line' id='line_1_12' title="bbox 149 867 1697 910; baseline 0 -11"><span class='ocrx_word' id='word_1_108' title='bbox 149 877 213 910; x_wconf 90' lang='lat' dir='ltr'>pro</span> <span class='ocrx_word' id='word_1_109' title='bbox 233 867 407 908; x_wconf 75' lang='lat' dir='ltr'>yradibus.</span> <span class='ocrx_word' id='word_1_110' title='bbox 457 867 646 909; x_wconf 81' lang='lat' dir='ltr'>grauitatis</span> <span class='ocrx_word' id='word_1_111' title='bbox 670 867 802 899; x_wconf 85' lang='lat' dir='ltr'>mentio</span> <span class='ocrx_word' id='word_1_112' title='bbox 825 867 946 909; x_wconf 84' lang='lat' dir='ltr'>inepta</span> <span class='ocrx_word' id='word_1_113' title='bbox 969 873 1034 906; x_wconf 76' lang='lat' dir='ltr'>est,</span> <span class='ocrx_word' id='word_1_114' title='bbox 1054 878 1166 909; x_wconf 88' lang='lat' dir='ltr'>neque</span> <span class='ocrx_word' id='word_1_115' title='bbox 1190 868 1280 899; x_wconf 88' lang='lat' dir='ltr'>enim</span> <span class='ocrx_word' id='word_1_116' title='bbox 1306 879 1412 910; x_wconf 85' lang='lat' dir='ltr'>graue</span> <span class='ocrx_word' id='word_1_117' title='bbox 1435 868 1504 899; x_wconf 81' lang='lat' dir='ltr'>iter</span> <span class='ocrx_word' id='word_1_118' title='bbox 1527 867 1613 899; x_wconf 80' lang='lat' dir='ltr'>facit</span> <span class='ocrx_word' id='word_1_119' title='bbox 1636 868 1697 909; x_wconf 87' lang='lat' dir='ltr'>qui</span> 
     </span>
     <span class='ocr_line' id='line_1_13' title="bbox 151 918 1696 961; baseline 0 -10"><span class='ocrx_word' id='word_1_120' title='bbox 151 919 268 951; x_wconf 91' lang='lat' dir='ltr'>orbem</span> <span class='ocrx_word' id='word_1_121' title='bbox 285 919 455 951; x_wconf 84' lang='lat' dir='ltr'>scandens</span> <span class='ocrx_word' id='word_1_122' title='bbox 472 919 576 950; x_wconf 85' lang='lat' dir='ltr'>simul</span> <span class='ocrx_word' id='word_1_123' title='bbox 593 918 799 961; x_wconf 82' lang='lat' dir='ltr'>degreditur</span> <span class='ocrx_word' id='word_1_124' title='bbox 909 921 1059 957; x_wconf 79' lang='lat' dir='ltr'>fastigia.</span> <span class='ocrx_word' id='word_1_125' title='bbox 1075 923 1120 958; x_wconf 86' lang='grc' dir='ltr'>Μ,</span> <span class='ocrx_word' id='word_1_126' title='bbox 1138 922 1294 958; x_wconf 80' lang='lat' dir='ltr'>uestigia</span> <span class='ocrx_word' id='word_1_127' title='bbox 1310 923 1368 952; x_wconf 87' lang='lat' dir='ltr'>GL.</span> <span class='ocrx_word' id='word_1_128' title='bbox 1418 919 1562 960; x_wconf 68' lang='lat' dir='ltr'>uestiyia</span> <span class='ocrx_word' id='word_1_129' title='bbox 1578 930 1696 961; x_wconf 83' lang='lat' dir='ltr'>super-</span> 
     </span>
     <span class='ocr_line' id='line_1_14' title="bbox 150 970 1699 1013; baseline -0.001 -10"><span class='ocrx_word' id='word_1_130' title='bbox 150 970 264 1003; x_wconf 86' lang='lat' dir='ltr'>ficiem</span> <span class='ocrx_word' id='word_1_131' title='bbox 295 981 369 1003; x_wconf 86' lang='lat' dir='ltr'>esse</span> <span class='ocrx_word' id='word_1_132' title='bbox 400 971 516 1013; x_wconf 89' lang='lat' dir='ltr'>Fayus</span> <span class='ocrx_word' id='word_1_133' title='bbox 548 970 642 1002; x_wconf 88' lang='lat' dir='ltr'>solus</span> <span class='ocrx_word' id='word_1_134' title='bbox 673 970 762 1002; x_wconf 84' lang='lat' dir='ltr'>scit:</span> <span class='ocrx_word' id='word_1_135' title='bbox 789 970 944 1011; x_wconf 57' lang='lat' dir='ltr'>jastium</span> <span class='ocrx_word' id='word_1_136' title='bbox 970 981 1059 1012; x_wconf 85' lang='lat' dir='ltr'>quae</span> <span class='ocrx_word' id='word_1_137' title='bbox 1091 971 1163 1003; x_wconf 91' lang='lat' dir='ltr'>sint</span> <span class='ocrx_word' id='word_1_138' title='bbox 1194 972 1289 1003; x_wconf 88' lang='lat' dir='ltr'>solus</span> <span class='ocrx_word' id='word_1_139' title='bbox 1316 983 1352 1003; x_wconf 89' lang='lat' dir='ltr'>se</span> <span class='ocrx_word' id='word_1_140' title='bbox 1379 972 1513 1003; x_wconf 86' lang='lat' dir='ltr'>nescire</span> <span class='ocrx_word' id='word_1_141' title='bbox 1540 974 1699 1003; x_wconf 73' lang='lat' dir='ltr'>ostentat</span> 
     </span>
     <span class='ocr_line' id='line_1_15' title="bbox 151 1022 1697 1064; baseline 0 -10"><span class='ocrx_word' id='word_1_142' title='bbox 151 1022 342 1061; x_wconf 86' lang='lat' dir='ltr'>Breiterus,</span> <span class='ocrx_word' id='word_1_143' title='bbox 378 1022 482 1054; x_wconf 90' lang='lat' dir='ltr'>‘aber</span> <span class='ocrx_word' id='word_1_144' title='bbox 512 1022 569 1054; x_wconf 89' lang='lat' dir='ltr'>die</span> <span class='ocrx_word' id='word_1_145' title='bbox 602 1022 719 1064; x_wconf 86' lang='lat' dir='ltr'>Kugel</span> <span class='ocrx_word' id='word_1_146' title='bbox 751 1022 814 1054; x_wconf 84' lang='lat' dir='ltr'>hat</span> <span class='ocrx_word' id='word_1_147' title='bbox 846 1022 948 1054; x_wconf 86' lang='lat' dir='ltr'>keine</span> <span class='ocrx_word' id='word_1_148' title='bbox 985 1022 1134 1064; x_wconf 82' lang='lat' dir='ltr'>Gipfel’.</span> <span class='ocrx_word' id='word_1_149' title='bbox 1196 1023 1319 1055; x_wconf 87' lang='lat' dir='ltr'>Liuius</span> <span class='ocrx_word' id='word_1_150' title='bbox 1350 1032 1428 1055; x_wconf 82' lang='lat' dir='ltr'>xxv</span> <span class='ocrx_word' id='word_1_151' title='bbox 1459 1024 1499 1056; x_wconf 89' lang='lat'>36</span> <span class='ocrx_word' id='word_1_152' title='bbox 1531 1024 1551 1056; x_wconf 89' lang='lat'><strong>6</strong></span> <span class='ocrx_word' id='word_1_153' title='bbox 1581 1024 1697 1055; x_wconf 79' lang='lat' dir='ltr'>omnia</span> 
     </span>
     <span class='ocr_line' id='line_1_16' title="bbox 143 1074 1696 1116; baseline 0.001 -11"><span class='ocrx_word' id='word_1_154' title='bbox 143 1074 291 1115; x_wconf 72' lang='lat' dir='ltr'>fastiyio</span> <span class='ocrx_word' id='word_1_155' title='bbox 313 1074 381 1106; x_wconf 84' lang='lat' dir='ltr'>leni</span> <span class='ocrx_word' id='word_1_156' title='bbox 401 1074 561 1112; x_wconf 69' lang='lat' dir='ltr'>subnexa,</span> <span class='ocrx_word' id='word_1_157' title='bbox 580 1083 689 1105; x_wconf 77' lang='lat' dir='ltr'>XXVII</span> <span class='ocrx_word' id='word_1_158' title='bbox 717 1075 754 1108; x_wconf 83' lang='lat'>17</span> <span class='ocrx_word' id='word_1_159' title='bbox 783 1075 803 1106; x_wconf 87' lang='grc'><strong>6</strong></span> <span class='ocrx_word' id='word_1_160' title='bbox 828 1075 963 1106; x_wconf 72' lang='lat' dir='ltr'>suberat</span> <span class='ocrx_word' id='word_1_161' title='bbox 987 1074 1133 1115; x_wconf 81' lang='lat' dir='ltr'>inferior</span> <span class='ocrx_word' id='word_1_162' title='bbox 1153 1075 1334 1107; x_wconf 71' lang='lat' dir='ltr'>summissa</span> <span class='ocrx_word' id='word_1_163' title='bbox 1352 1075 1499 1116; x_wconf 72' lang='lat' dir='ltr'>sastiqio</span> <span class='ocrx_word' id='word_1_164' title='bbox 1519 1074 1696 1116; x_wconf 75' lang='lat' dir='ltr'>planities,</span> 
     </span>
     <span class='ocr_line' id='line_1_17' title="bbox 153 1125 1700 1167; baseline 0 -10"><span class='ocrx_word' id='word_1_165' title='bbox 153 1125 282 1158; x_wconf 82' lang='lat' dir='ltr'>Caesar</span> <span class='ocrx_word' id='word_1_166' title='bbox 312 1125 379 1158; x_wconf 85' lang='lat' dir='ltr'>b.c.</span> <span class='ocrx_word' id='word_1_167' title='bbox 412 1135 441 1157; x_wconf 91' lang='lat'>11</span> <span class='ocrx_word' id='word_1_168' title='bbox 469 1126 511 1157; x_wconf 82' lang='lat'>24</span> <span class='ocrx_word' id='word_1_169' title='bbox 539 1126 559 1158; x_wconf 91' lang='lat'><strong>3</strong></span> <span class='ocrx_word' id='word_1_170' title='bbox 586 1125 704 1166; x_wconf 52' lang='lat' dir='ltr'>i&#39;ztgyum</span> <span class='ocrx_word' id='word_1_171' title='bbox 721 1150 728 1157; x_wconf 84' lang='lat'><strong>.</strong></span> <span class='ocrx_word' id='word_1_172' title='bbox 750 1150 756 1157; x_wconf 96' lang='lat'>.</span> <span class='ocrx_word' id='word_1_173' title='bbox 780 1126 913 1166; x_wconf 74' lang='lat' dir='ltr'>‚paulo</span> <span class='ocrx_word' id='word_1_174' title='bbox 943 1126 1067 1158; x_wconf 80' lang='lat' dir='ltr'>leniore</span> <span class='ocrx_word' id='word_1_175' title='bbox 1089 1126 1238 1167; x_wconf 69' lang='lat' dir='ltr'>fastiyio</span> <span class='ocrx_word' id='word_1_176' title='bbox 1265 1126 1307 1158; x_wconf 82' lang='lat' dir='ltr'>ab</span> <span class='ocrx_word' id='word_1_177' title='bbox 1335 1137 1374 1158; x_wconf 80' lang='lat' dir='ltr'>ea</span> <span class='ocrx_word' id='word_1_178' title='bbox 1400 1131 1502 1167; x_wconf 79' lang='lat' dir='ltr'>parte</span> <span class='ocrx_word' id='word_1_179' title='bbox 1534 1137 1620 1167; x_wconf 81' lang='lat' dir='ltr'>quae</span> <span class='ocrx_word' id='word_1_180' title='bbox 1650 1126 1700 1157; x_wconf 80' lang='lat' dir='ltr'>ad</span> 
     </span>
     <span class='ocr_line' id='line_1_18' title="bbox 159 1177 1697 1219; baseline 0 -10"><span class='ocrx_word' id='word_1_181' title='bbox 159 1177 291 1210; x_wconf 78' lang='lat' dir='ltr'><em>Vticam</em></span> <span class='ocrx_word' id='word_1_182' title='bbox 318 1178 440 1219; x_wconf 45' lang='lat' dir='ltr'>ner-(m,</span> <span class='ocrx_word' id='word_1_183' title='bbox 465 1177 634 1209; x_wconf 82' lang='lat' dir='ltr'>Manilius</span> <span class='ocrx_word' id='word_1_184' title='bbox 664 1187 688 1208; x_wconf 84' lang='lat' dir='ltr'>v</span> <span class='ocrx_word' id='word_1_185' title='bbox 718 1179 755 1209; x_wconf 92' lang='grc'>11</span> <span class='ocrx_word' id='word_1_186' title='bbox 784 1188 953 1210; x_wconf 78' lang='lat' dir='ltr'>summum</span> <span class='ocrx_word' id='word_1_187' title='bbox 981 1178 1178 1218; x_wconf 66' lang='lat' dir='ltr'>conliyerim</span> <span class='ocrx_word' id='word_1_188' title='bbox 1204 1189 1268 1209; x_wconf 72' lang='lat' dir='ltr'>sua</span> <span class='ocrx_word' id='word_1_189' title='bbox 1293 1189 1360 1219; x_wconf 81' lang='lat' dir='ltr'>per</span> <span class='ocrx_word' id='word_1_190' title='bbox 1376 1178 1528 1219; x_wconf 56' lang='lat' dir='ltr'>fas-tigna</span> <span class='ocrx_word' id='word_1_191' title='bbox 1555 1178 1697 1216; x_wconf 75' lang='lat' dir='ltr'>culmen,</span> 
     </span>
     <span class='ocr_line' id='line_1_19' title="bbox 151 1229 1695 1272; baseline 0 -11"><span class='ocrx_word' id='word_1_192' title='bbox 151 1229 189 1261; x_wconf 88' lang='lat' dir='ltr'>id</span> <span class='ocrx_word' id='word_1_193' title='bbox 209 1232 263 1261; x_wconf 82' lang='lat' dir='ltr'>est</span> <span class='ocrx_word' id='word_1_194' title='bbox 284 1229 456 1271; x_wconf 77' lang='lat' dir='ltr'>paulatim</span> <span class='ocrx_word' id='word_1_195' title='bbox 478 1229 724 1261; x_wconf 79' lang='lat' dir='ltr'>adscendendo</span> <span class='ocrx_word' id='word_1_196' title='bbox 813 1229 874 1261; x_wconf 83' lang='lat' dir='ltr'>sed</span> <span class='ocrx_word' id='word_1_197' title='bbox 899 1229 942 1261; x_wconf 88' lang='lat' dir='ltr'>de</span> <span class='ocrx_word' id='word_1_198' title='bbox 965 1230 1131 1261; x_wconf 83' lang='lat' dir='ltr'>uniuersa</span> <span class='ocrx_word' id='word_1_199' title='bbox 1153 1230 1330 1261; x_wconf 83' lang='lat' dir='ltr'>sententia</span> <span class='ocrx_word' id='word_1_200' title='bbox 1353 1229 1607 1272; x_wconf 83' lang='lat' dir='ltr'>disputandum</span> <span class='ocrx_word' id='word_1_201' title='bbox 1630 1233 1695 1261; x_wconf 86' lang='lat' dir='ltr'>est.</span> 
     </span>
     <span class='ocr_line' id='line_1_20' title="bbox 153 1280 1699 1323; baseline 0 -11"><span class='ocrx_word' id='word_1_202' title='bbox 153 1291 194 1312; x_wconf 87' lang='lat' dir='ltr'>ac</span> <span class='ocrx_word' id='word_1_203' title='bbox 214 1281 363 1313; x_wconf 75' lang='lat' dir='ltr'>formam</span> <span class='ocrx_word' id='word_1_204' title='bbox 385 1281 526 1323; x_wconf 87' lang='lat' dir='ltr'>quidem</span> <span class='ocrx_word' id='word_1_205' title='bbox 549 1281 719 1313; x_wconf 87' lang='lat' dir='ltr'>orationis</span> <span class='ocrx_word' id='word_1_206' title='bbox 743 1280 780 1313; x_wconf 88' lang='lat' dir='ltr'>F.</span> <span class='ocrx_word' id='word_1_207' title='bbox 801 1280 906 1313; x_wconf 90' lang='lat' dir='ltr'>Iunio</span> <span class='ocrx_word' id='word_1_208' title='bbox 928 1284 1120 1323; x_wconf 88' lang='lat' dir='ltr'>praeeunte</span> <span class='ocrx_word' id='word_1_209' title='bbox 1144 1281 1299 1313; x_wconf 83' lang='lat' dir='ltr'>Huetius</span> <span class='ocrx_word' id='word_1_210' title='bbox 1321 1282 1491 1323; x_wconf 80' lang='lat' dir='ltr'>percepit,</span> <span class='ocrx_word' id='word_1_211' title='bbox 1510 1292 1584 1313; x_wconf 89' lang='lat' dir='ltr'>esse</span> <span class='ocrx_word' id='word_1_212' title='bbox 1607 1281 1699 1312; x_wconf 89' lang='lat' dir='ltr'>enim</span> 
     </span>
     <span class='ocr_line' id='line_1_21' title="bbox 153 1332 1700 1374; baseline 0 -10"><span class='ocrx_word' id='word_1_213' title='bbox 153 1332 359 1374; x_wconf 84' lang='lat' dir='ltr'>primarium</span> <span class='ocrx_word' id='word_1_214' title='bbox 393 1333 618 1364; x_wconf 77' lang='lat' dir='ltr'>enuntiatum</span> <span class='ocrx_word' id='word_1_215' title='bbox 646 1332 762 1373; x_wconf 72' lang='lat' dir='ltr'>fuyiet</span> <span class='ocrx_word' id='word_1_216' title='bbox 795 1343 885 1373; x_wconf 78' lang='lat' dir='ltr'>pars</span> <span class='ocrx_word' id='word_1_217' title='bbox 915 1333 1026 1364; x_wconf 79' lang='lat' dir='ltr'>altera</span> <span class='ocrx_word' id='word_1_218' title='bbox 1056 1337 1167 1365; x_wconf 76' lang='lat' dir='ltr'>terrae</span> <span class='ocrx_word' id='word_1_219' title='bbox 1204 1344 1237 1365; x_wconf 78' lang='lat' dir='ltr'>U.</span> <span class='ocrx_word' id='word_1_220' title='bbox 1271 1334 1347 1372; x_wconf 74' lang='lat'>329,</span> <span class='ocrx_word' id='word_1_221' title='bbox 1380 1332 1425 1365; x_wconf 86' lang='lat' dir='ltr'>ab</span> <span class='ocrx_word' id='word_1_222' title='bbox 1455 1343 1533 1373; x_wconf 71' lang='lat' dir='ltr'>erqo</span> <span class='ocrx_word' id='word_1_223' title='bbox 1567 1344 1600 1365; x_wconf 93' lang='lat' dir='ltr'>u.</span> <span class='ocrx_word' id='word_1_224' title='bbox 1635 1333 1700 1365; x_wconf 85' lang='grc'>328</span> 
     </span>
     <span class='ocr_line' id='line_1_22' title="bbox 153 1383 1698 1426; baseline -0.001 -10"><span class='ocrx_word' id='word_1_225' title='bbox 153 1395 346 1416; x_wconf 88' lang='lat' dir='ltr'>sermonem</span> <span class='ocrx_word' id='word_1_226' title='bbox 380 1384 530 1416; x_wconf 82' lang='lat' dir='ltr'>relatiuo</span> <span class='ocrx_word' id='word_1_227' title='bbox 557 1383 713 1416; x_wconf 85' lang='lat' dir='ltr'>membro</span> <span class='ocrx_word' id='word_1_228' title='bbox 741 1383 841 1416; x_wconf 83' lang='lat' dir='ltr'>finito</span> <span class='ocrx_word' id='word_1_229' title='bbox 868 1395 1000 1416; x_wconf 86' lang='lat' dir='ltr'>nouum</span> <span class='ocrx_word' id='word_1_230' title='bbox 1025 1384 1208 1416; x_wconf 82' lang='lat' dir='ltr'>exordium</span> <span class='ocrx_word' id='word_1_231' title='bbox 1235 1395 1382 1426; x_wconf 81' lang='lat' dir='ltr'>capere:</span> <span class='ocrx_word' id='word_1_232' title='bbox 1418 1386 1487 1423; x_wconf 83' lang='lat' dir='ltr'>‘at‚</span> <span class='ocrx_word' id='word_1_233' title='bbox 1513 1388 1698 1426; x_wconf 76' lang='lat' dir='ltr'>postquam</span> 
     </span>
     <span class='ocr_line' id='line_1_23' title="bbox 153 1435 1699 1478; baseline 0 -11"><span class='ocrx_word' id='word_1_234' title='bbox 153 1436 198 1468; x_wconf 83' lang='lat' dir='ltr'>ab</span> <span class='ocrx_word' id='word_1_235' title='bbox 236 1438 425 1477; x_wconf 86' lang='lat' dir='ltr'>aequatore</span> <span class='ocrx_word' id='word_1_236' title='bbox 463 1436 677 1475; x_wconf 86' lang='lat' dir='ltr'>discesseris,</span> <span class='ocrx_word' id='word_1_237' title='bbox 715 1435 890 1477; x_wconf 86' lang='lat' dir='ltr'>quidquid</span> <span class='ocrx_word' id='word_1_238' title='bbox 928 1436 1035 1478; x_wconf 86' lang='lat' dir='ltr'>spatii</span> <span class='ocrx_word' id='word_1_239' title='bbox 1072 1447 1232 1468; x_wconf 89' lang='lat' dir='ltr'>emensus</span> <span class='ocrx_word' id='word_1_240' title='bbox 1269 1436 1339 1468; x_wconf 89' lang='lat' dir='ltr'>eris</span> <span class='ocrx_word' id='word_1_241' title='bbox 1376 1436 1544 1468; x_wconf 87' lang='lat' dir='ltr'>aduersus</span> <span class='ocrx_word' id='word_1_242' title='bbox 1580 1436 1699 1478; x_wconf 89' lang='lat' dir='ltr'>polum</span> 
     </span>
     <span class='ocr_line' id='line_1_24' title="bbox 154 1487 1702 1530; baseline -0.001 -11"><span class='ocrx_word' id='word_1_243' title='bbox 154 1488 365 1520; x_wconf 79' lang='lat' dir='ltr'>alterutrum</span> <span class='ocrx_word' id='word_1_244' title='bbox 387 1487 552 1529; x_wconf 86' lang='lat' dir='ltr'>gradiens</span> <span class='ocrx_word' id='word_1_245' title='bbox 573 1498 635 1529; x_wconf 90' lang='lat' dir='ltr'>per</span> <span class='ocrx_word' id='word_1_246' title='bbox 658 1487 801 1530; x_wconf 81' lang='lat' dir='ltr'>fastigia</span> <span class='ocrx_word' id='word_1_247' title='bbox 824 1490 950 1526; x_wconf 81' lang='lat' dir='ltr'>terrae,</span> <span class='ocrx_word' id='word_1_248' title='bbox 970 1498 1075 1529; x_wconf 82' lang='lat' dir='ltr'>quam</span> <span class='ocrx_word' id='word_1_249' title='bbox 1099 1487 1277 1530; x_wconf 84' lang='lat' dir='ltr'>globosam</span> <span class='ocrx_word' id='word_1_250' title='bbox 1300 1492 1337 1520; x_wconf 89' lang='lat' dir='ltr'>et</span> <span class='ocrx_word' id='word_1_251' title='bbox 1361 1487 1548 1520; x_wconf 85' lang='lat' dir='ltr'>rotundam</span> <span class='ocrx_word' id='word_1_252' title='bbox 1571 1490 1702 1519; x_wconf 81' lang='lat' dir='ltr'>natura</span> 
     </span>
     <span class='ocr_line' id='line_1_25' title="bbox 152 1538 1702 1581; baseline 0.001 -11"><span class='ocrx_word' id='word_1_253' title='bbox 152 1539 190 1571; x_wconf 89' lang='lat' dir='ltr'>in</span> <span class='ocrx_word' id='word_1_254' title='bbox 214 1538 329 1571; x_wconf 90' lang='lat' dir='ltr'>medio</span> <span class='ocrx_word' id='word_1_255' title='bbox 353 1538 484 1571; x_wconf 89' lang='lat' dir='ltr'>mundo</span> <span class='ocrx_word' id='word_1_256' title='bbox 507 1538 893 1581; x_wconf 83' lang='lat' dir='ltr'>suspendit,—quando</span> <span class='ocrx_word' id='word_1_257' title='bbox 916 1539 1037 1581; x_wconf 82' lang='lat' dir='ltr'>igitur,</span> <span class='ocrx_word' id='word_1_258' title='bbox 1060 1542 1102 1571; x_wconf 84' lang='lat' dir='ltr'>ut</span> <span class='ocrx_word' id='word_1_259' title='bbox 1126 1539 1213 1578; x_wconf 87' lang='lat' dir='ltr'>dixi,</span> <span class='ocrx_word' id='word_1_260' title='bbox 1235 1539 1354 1571; x_wconf 88' lang='lat' dir='ltr'>orbem</span> <span class='ocrx_word' id='word_1_261' title='bbox 1377 1539 1599 1578; x_wconf 74' lang='lat' dir='ltr'>conscendeS‚</span> <span class='ocrx_word' id='word_1_262' title='bbox 1618 1549 1702 1580; x_wconf 71' lang='lat' dir='ltr'>pars</span> 
     </span>
     <span class='ocr_line' id='line_1_26' title="bbox 156 1590 1700 1633; baseline 0.001 -11"><span class='ocrx_word' id='word_1_263' title='bbox 156 1591 232 1622; x_wconf 87' lang='lat' dir='ltr'>eius</span> <span class='ocrx_word' id='word_1_264' title='bbox 262 1591 387 1633; x_wconf 82' lang='lat' dir='ltr'>fugiet,</span> <span class='ocrx_word' id='word_1_265' title='bbox 417 1601 499 1633; x_wconf 87' lang='lat' dir='ltr'>pars</span> <span class='ocrx_word' id='word_1_266' title='bbox 530 1590 700 1623; x_wconf 89' lang='lat' dir='ltr'>reddetur</span> <span class='ocrx_word' id='word_1_267' title='bbox 713 1591 730 1623; x_wconf 83' lang='lat'>⁷.</span> <span class='ocrx_word' id='word_1_268' title='bbox 780 1590 841 1622; x_wconf 88' lang='lat' dir='ltr'>sed</span> <span class='ocrx_word' id='word_1_269' title='bbox 873 1593 909 1622; x_wconf 86' lang='lat' dir='ltr'>et</span> <span class='ocrx_word' id='word_1_270' title='bbox 937 1590 1070 1623; x_wconf 88' lang='lat' dir='ltr'>Huetio</span> <span class='ocrx_word' id='word_1_271' title='bbox 1097 1593 1133 1623; x_wconf 88' lang='lat' dir='ltr'>et</span> <span class='ocrx_word' id='word_1_272' title='bbox 1161 1591 1336 1633; x_wconf 84' lang='lat' dir='ltr'>Scaligero</span> <span class='ocrx_word' id='word_1_273' title='bbox 1363 1591 1481 1623; x_wconf 86' lang='lat' dir='ltr'>fraudi</span> <span class='ocrx_word' id='word_1_274' title='bbox 1511 1591 1581 1623; x_wconf 86' lang='lat' dir='ltr'>fuit</span> <span class='ocrx_word' id='word_1_275' title='bbox 1611 1590 1700 1622; x_wconf 87' lang='lat' dir='ltr'>illud</span> 
     </span>
     <span class='ocr_line' id='line_1_27' title="bbox 149 1642 1701 1685; baseline 0 -11"><span class='ocrx_word' id='word_1_276' title='bbox 149 1643 395 1684; x_wconf 73' lang='lat' dir='ltr'>praeuerteris,</span> <span class='ocrx_word' id='word_1_277' title='bbox 419 1642 512 1684; x_wconf 91' lang='lat' dir='ltr'>quod</span> <span class='ocrx_word' id='word_1_278' title='bbox 536 1653 614 1674; x_wconf 89' lang='lat' dir='ltr'>cum</span> <span class='ocrx_word' id='word_1_279' title='bbox 638 1642 707 1674; x_wconf 88' lang='lat' dir='ltr'>fide</span> <span class='ocrx_word' id='word_1_280' title='bbox 733 1642 893 1674; x_wconf 85' lang='lat' dir='ltr'>codicum</span> <span class='ocrx_word' id='word_1_281' title='bbox 917 1643 985 1674; x_wconf 88' lang='lat' dir='ltr'>niti</span> <span class='ocrx_word' id='word_1_282' title='bbox 1011 1642 1195 1675; x_wconf 89' lang='lat' dir='ltr'>crederent</span> <span class='ocrx_word' id='word_1_283' title='bbox 1221 1654 1334 1685; x_wconf 85' lang='lat' dir='ltr'>neque</span> <span class='ocrx_word' id='word_1_284' title='bbox 1360 1654 1463 1685; x_wconf 84' lang='lat' dir='ltr'>quam</span> <span class='ocrx_word' id='word_1_285' title='bbox 1487 1643 1638 1674; x_wconf 87' lang='lat' dir='ltr'>alienum</span> <span class='ocrx_word' id='word_1_286' title='bbox 1665 1642 1701 1674; x_wconf 89' lang='lat' dir='ltr'>id</span> 
     </span>
     <span class='ocr_line' id='line_1_28' title="bbox 153 1693 1699 1736; baseline -0.001 -10"><span class='ocrx_word' id='word_1_287' title='bbox 153 1694 301 1726; x_wconf 89' lang='lat' dir='ltr'>uerbum</span> <span class='ocrx_word' id='word_1_288' title='bbox 333 1698 424 1726; x_wconf 83' lang='lat' dir='ltr'>esset</span> <span class='ocrx_word' id='word_1_289' title='bbox 455 1695 542 1726; x_wconf 82' lang='lat' dir='ltr'>satis</span> <span class='ocrx_word' id='word_1_290' title='bbox 572 1697 809 1736; x_wconf 77' lang='lat' dir='ltr'>reputassent,</span> <span class='ocrx_word' id='word_1_291' title='bbox 842 1694 1074 1735; x_wconf 79' lang='lat' dir='ltr'>praeuerterit</span> <span class='ocrx_word' id='word_1_292' title='bbox 1105 1695 1324 1736; x_wconf 86' lang='lat' dir='ltr'>scripserunt</span> <span class='ocrx_word' id='word_1_293' title='bbox 1354 1698 1391 1727; x_wconf 87' lang='lat' dir='ltr'>et</span> <span class='ocrx_word' id='word_1_294' title='bbox 1421 1695 1553 1726; x_wconf 82' lang='lat' dir='ltr'>frustra</span> <span class='ocrx_word' id='word_1_295' title='bbox 1583 1693 1699 1726; x_wconf 88' lang='lat' dir='ltr'>conati</span> 
     </span>
     <span class='ocr_line' id='line_1_29' title="bbox 154 1745 1702 1788; baseline 0.001 -11"><span class='ocrx_word' id='word_1_296' title='bbox 154 1749 238 1778; x_wconf 90' lang='lat' dir='ltr'>sunt</span> <span class='ocrx_word' id='word_1_297' title='bbox 260 1747 497 1787; x_wconf 85' lang='lat' dir='ltr'>interpretari.</span> <span class='ocrx_word' id='word_1_298' title='bbox 548 1746 745 1778; x_wconf 84' lang='lat' dir='ltr'>consultius</span> <span class='ocrx_word' id='word_1_299' title='bbox 769 1749 810 1777; x_wconf 79' lang='lat' dir='ltr'>ut</span> <span class='ocrx_word' id='word_1_300' title='bbox 833 1745 970 1778; x_wconf 86' lang='lat' dir='ltr'>solebat</span> <span class='ocrx_word' id='word_1_301' title='bbox 993 1746 1174 1778; x_wconf 85' lang='lat' dir='ltr'>Bentleius</span> <span class='ocrx_word' id='word_1_302' title='bbox 1198 1747 1395 1785; x_wconf 64' lang='lat' dir='ltr'>deum-teris,</span> <span class='ocrx_word' id='word_1_303' title='bbox 1414 1747 1487 1788; x_wconf 90' lang='lat' dir='ltr'>ipse</span> <span class='ocrx_word' id='word_1_304' title='bbox 1508 1757 1600 1778; x_wconf 87' lang='lat' dir='ltr'>anno</span> <span class='ocrx_word' id='word_1_305' title='bbox 1618 1747 1702 1778; x_wconf 87' lang='lat'>1903</span> 
     </span>
     <span class='ocr_line' id='line_1_30' title="bbox 149 1797 1700 1839; baseline 0 -10"><span class='ocrx_word' id='word_1_306' title='bbox 149 1799 368 1839; x_wconf 73' lang='lat' dir='ltr'>prouecxerz&#39;s</span> <span class='ocrx_word' id='word_1_307' title='bbox 398 1797 542 1836; x_wconf 86' lang='lat' dir='ltr'>conieci,</span> <span class='ocrx_word' id='word_1_308' title='bbox 568 1808 637 1839; x_wconf 90' lang='lat' dir='ltr'>quo</span> <span class='ocrx_word' id='word_1_309' title='bbox 668 1800 771 1838; x_wconf 89' lang='lat' dir='ltr'>pacto</span> <span class='ocrx_word' id='word_1_310' title='bbox 799 1799 894 1836; x_wconf 86' lang='lat' dir='ltr'>(nam</span> <span class='ocrx_word' id='word_1_311' title='bbox 921 1797 1055 1829; x_wconf 86' lang='lat' dir='ltr'>Huetio</span> <span class='ocrx_word' id='word_1_312' title='bbox 1085 1798 1216 1839; x_wconf 60' lang='lat' dir='ltr'>aradus</span> <span class='ocrx_word' id='word_1_313' title='bbox 1245 1808 1397 1839; x_wconf 62' lang='lat' dir='ltr'>messum</span> <span class='ocrx_word' id='word_1_314' title='bbox 1423 1797 1467 1830; x_wconf 86' lang='lat' dir='ltr'>ad</span> <span class='ocrx_word' id='word_1_315' title='bbox 1494 1798 1700 1830; x_wconf 86' lang='lat' dir='ltr'>Plautinum</span> 
     </span>
     <span class='ocr_line' id='line_1_31' title="bbox 153 1849 1701 1892; baseline 0 -11"><span class='ocrx_word' id='word_1_316' title='bbox 153 1849 354 1891; x_wconf 82' lang='lat' dir='ltr'>exemplum</span> <span class='ocrx_word' id='word_1_317' title='bbox 384 1850 582 1881; x_wconf 80' lang='lat' dir='ltr'>seruitutem</span> <span class='ocrx_word' id='word_1_318' title='bbox 610 1850 738 1881; x_wconf 64' lang='lat' dir='ltr'>seruire</span> <span class='ocrx_word' id='word_1_319' title='bbox 770 1849 938 1881; x_wconf 83' lang='lat' dir='ltr'>referenti</span> <span class='ocrx_word' id='word_1_320' title='bbox 965 1860 1066 1881; x_wconf 88' lang='lat' dir='ltr'>nemo</span> <span class='ocrx_word' id='word_1_321' title='bbox 1097 1860 1259 1882; x_wconf 84' lang='lat' dir='ltr'>assensus</span> <span class='ocrx_word' id='word_1_322' title='bbox 1289 1852 1356 1890; x_wconf 84' lang='lat' dir='ltr'>est)</span> <span class='ocrx_word' id='word_1_323' title='bbox 1385 1849 1503 1892; x_wconf 85' lang='lat' dir='ltr'>aliqua</span> <span class='ocrx_word' id='word_1_324' title='bbox 1530 1850 1637 1882; x_wconf 87' lang='lat' dir='ltr'>etiam</span> <span class='ocrx_word' id='word_1_325' title='bbox 1665 1850 1701 1881; x_wconf 93' lang='lat' dir='ltr'>in</span> 
     </span>
     <span class='ocr_line' id='line_1_32' title="bbox 153 1901 1703 1943; baseline -0.001 -10"><span class='ocrx_word' id='word_1_326' title='bbox 153 1912 187 1933; x_wconf 93' lang='lat' dir='ltr'>u.</span> <span class='ocrx_word' id='word_1_327' title='bbox 222 1901 286 1933; x_wconf 92' lang='grc'>325</span> <span class='ocrx_word' id='word_1_328' title='bbox 317 1901 481 1933; x_wconf 84' lang='lat' dir='ltr'>nouanda</span> <span class='ocrx_word' id='word_1_329' title='bbox 512 1905 635 1939; x_wconf 82' lang='lat' dir='ltr'>erant3</span> <span class='ocrx_word' id='word_1_330' title='bbox 671 1901 770 1932; x_wconf 89' lang='lat' dir='ltr'>uelut</span> <span class='ocrx_word' id='word_1_331' title='bbox 800 1901 969 1933; x_wconf 75' lang='lat' dir='ltr'>trahens</span> <span class='ocrx_word' id='word_1_332' title='bbox 998 1912 1149 1942; x_wconf 72' lang='lat' dir='ltr'>qressum</span> <span class='ocrx_word' id='word_1_333' title='bbox 1175 1901 1369 1941; x_wconf 86' lang='lat' dir='ltr'>Bentleius,</span> <span class='ocrx_word' id='word_1_334' title='bbox 1399 1902 1531 1943; x_wconf 69' lang='lat' dir='ltr'>qradus</span> <span class='ocrx_word' id='word_1_335' title='bbox 1555 1912 1703 1942; x_wconf 70' lang='lat' dir='ltr'>nryens·</span> 
     </span>
     <span class='ocr_line' id='line_1_33' title="bbox 155 1951 1700 1995; baseline -0.001 -11"><span class='ocrx_word' id='word_1_336' title='bbox 155 1952 372 1995; x_wconf 83' lang='lat' dir='ltr'>Postgatius,</span> <span class='ocrx_word' id='word_1_337' title='bbox 392 1953 567 1985; x_wconf 84' lang='lat' dir='ltr'>deteriora</span> <span class='ocrx_word' id='word_1_338' title='bbox 590 1952 652 1984; x_wconf 79' lang='lat' dir='ltr'>alii</span> <span class='ocrx_word' id='word_1_339' title='bbox 676 1952 864 1984; x_wconf 86' lang='lat' dir='ltr'>commenti</span> <span class='ocrx_word' id='word_1_340' title='bbox 885 1956 977 1984; x_wconf 89' lang='lat' dir='ltr'>sunt.</span> <span class='ocrx_word' id='word_1_341' title='bbox 1028 1953 1147 1994; x_wconf 80' lang='lat' dir='ltr'>itaque</span> <span class='ocrx_word' id='word_1_342' title='bbox 1166 1963 1269 1991; x_wconf 88' lang='lat' dir='ltr'>nunc,</span> <span class='ocrx_word' id='word_1_343' title='bbox 1289 1963 1368 1984; x_wconf 88' lang='lat' dir='ltr'>cum</span> <span class='ocrx_word' id='word_1_344' title='bbox 1388 1953 1530 1993; x_wconf 74' lang='lat' dir='ltr'>yradus,</span> <span class='ocrx_word' id='word_1_345' title='bbox 1549 1953 1586 1984; x_wconf 89' lang='lat' dir='ltr'>id</span> <span class='ocrx_word' id='word_1_346' title='bbox 1607 1951 1700 1994; x_wconf 88' lang='lat' dir='ltr'>quod</span> 
     </span>
     <span class='ocr_line' id='line_1_34' title="bbox 155 2002 1699 2046; baseline -0.001 -10"><span class='ocrx_word' id='word_1_347' title='bbox 155 2004 225 2036; x_wconf 86' lang='lat' dir='ltr'>iam</span> <span class='ocrx_word' id='word_1_348' title='bbox 257 2003 412 2046; x_wconf 87' lang='lat' dir='ltr'>Scaliger</span> <span class='ocrx_word' id='word_1_349' title='bbox 443 2003 681 2042; x_wconf 86' lang='lat' dir='ltr'>intellexerat,</span> <span class='ocrx_word' id='word_1_350' title='bbox 714 2005 854 2034; x_wconf 81' lang='lat' dir='ltr'>mutata</span> <span class='ocrx_word' id='word_1_351' title='bbox 889 2002 990 2034; x_wconf 88' lang='lat' dir='ltr'>uerbi</span> <span class='ocrx_word' id='word_1_352' title='bbox 1020 2013 1168 2045; x_wconf 82' lang='lat' dir='ltr'>persona</span> <span class='ocrx_word' id='word_1_353' title='bbox 1202 2003 1441 2036; x_wconf 82' lang='lat' dir='ltr'>nominatiuus</span> <span class='ocrx_word' id='word_1_354' title='bbox 1471 2014 1545 2036; x_wconf 85' lang='lat' dir='ltr'>esse</span> <span class='ocrx_word' id='word_1_355' title='bbox 1575 2005 1699 2046; x_wconf 82' lang='lat' dir='ltr'>possit,</span> 
     </span>
     <span class='ocr_line' id='line_1_35' title="bbox 157 2054 1702 2097; baseline 0.001 -11"><span class='ocrx_word' id='word_1_356' title='bbox 157 2055 246 2087; x_wconf 88' lang='lat' dir='ltr'>hanc</span> <span class='ocrx_word' id='word_1_357' title='bbox 270 2055 437 2097; x_wconf 85' lang='lat' dir='ltr'>proposui</span> <span class='ocrx_word' id='word_1_358' title='bbox 462 2055 668 2093; x_wconf 83' lang='lat' dir='ltr'>orationem,</span> <span class='ocrx_word' id='word_1_359' title='bbox 695 2054 866 2095; x_wconf 78' lang='lat' dir='ltr'>quidquid</span> <span class='ocrx_word' id='word_1_360' title='bbox 889 2059 984 2086; x_wconf 80' lang='lat' dir='ltr'>temet</span> <span class='ocrx_word' id='word_1_361' title='bbox 1006 2064 1073 2095; x_wconf 72' lang='lat' dir='ltr'>per</span> <span class='ocrx_word' id='word_1_362' title='bbox 1097 2060 1207 2086; x_wconf 80' lang='lat' dir='ltr'>terrae</span> <span class='ocrx_word' id='word_1_363' title='bbox 1224 2054 1377 2095; x_wconf 74' lang='lat' dir='ltr'>sastiyia</span> <span class='ocrx_word' id='word_1_364' title='bbox 1398 2066 1549 2096; x_wconf 60' lang='lat' dir='ltr'>syres-sum</span> <span class='ocrx_word' id='word_1_365' title='bbox 1571 2057 1702 2097; x_wconf 71' lang='lat' dir='ltr'>yradus</span> 
     </span>
     <span class='ocr_line' id='line_1_36' title="bbox 149 2106 1704 2149; baseline 0.001 -11"><span class='ocrx_word' id='word_1_366' title='bbox 149 2107 362 2147; x_wconf 76' lang='lat' dir='ltr'>prouexerz&#39;t,</span> <span class='ocrx_word' id='word_1_367' title='bbox 391 2107 428 2139; x_wconf 94' lang='lat' dir='ltr'>in</span> <span class='ocrx_word' id='word_1_368' title='bbox 454 2117 524 2149; x_wconf 88' lang='lat' dir='ltr'>qua</span> <span class='ocrx_word' id='word_1_369' title='bbox 550 2117 629 2138; x_wconf 90' lang='lat' dir='ltr'>cum</span> <span class='ocrx_word' id='word_1_370' title='bbox 659 2106 791 2147; x_wconf 62' lang='lat' dir='ltr'>aradus</span> <span class='ocrx_word' id='word_1_371' title='bbox 821 2106 896 2137; x_wconf 92' lang='lat' dir='ltr'>eius</span> <span class='ocrx_word' id='word_1_372' title='bbox 926 2106 974 2137; x_wconf 83' lang='lat' dir='ltr'>sit</span> <span class='ocrx_word' id='word_1_373' title='bbox 1005 2116 1109 2147; x_wconf 90' lang='lat' dir='ltr'>quem</span> <span class='ocrx_word' id='word_1_374' title='bbox 1139 2109 1245 2148; x_wconf 86' lang='lat' dir='ltr'>poeta</span> <span class='ocrx_word' id='word_1_375' title='bbox 1271 2106 1476 2149; x_wconf 84' lang='lat' dir='ltr'>alloquitur,</span> <span class='ocrx_word' id='word_1_376' title='bbox 1505 2111 1578 2140; x_wconf 78' lang='lat' dir='ltr'>tam</span> <span class='ocrx_word' id='word_1_377' title='bbox 1606 2112 1704 2140; x_wconf 84' lang='lat' dir='ltr'>recte</span> 
     </span>
     <span class='ocr_line' id='line_1_37' title="bbox 155 2157 1702 2201; baseline 0.001 -11"><span class='ocrx_word' id='word_1_378' title='bbox 155 2158 287 2190; x_wconf 85' lang='lat' dir='ltr'>dicitur</span> <span class='ocrx_word' id='word_1_379' title='bbox 311 2163 406 2190; x_wconf 86' lang='lat' dir='ltr'>temet</span> <span class='ocrx_word' id='word_1_380' title='bbox 429 2169 535 2200; x_wconf 88' lang='lat' dir='ltr'>quam</span> <span class='ocrx_word' id='word_1_381' title='bbox 559 2158 629 2191; x_wconf 83' lang='lat' dir='ltr'>Cic.</span> <span class='ocrx_word' id='word_1_382' title='bbox 650 2169 713 2200; x_wconf 89' lang='lat' dir='ltr'>pro</span> <span class='ocrx_word' id='word_1_383' title='bbox 737 2157 814 2189; x_wconf 91' lang='lat' dir='ltr'>Mil.</span> <span class='ocrx_word' id='word_1_384' title='bbox 835 2157 876 2192; x_wconf 89' lang='lat'>37</span> <span class='ocrx_word' id='word_1_385' title='bbox 901 2157 982 2190; x_wconf 76' lang='lat' dir='ltr'>haec</span> <span class='ocrx_word' id='word_1_386' title='bbox 1004 2157 1089 2197; x_wconf 88' lang='lat' dir='ltr'>(sica</span> <span class='ocrx_word' id='word_1_387' title='bbox 1110 2157 1238 2198; x_wconf 90' lang='lat' dir='ltr'>Clodii)</span> <span class='ocrx_word' id='word_1_388' title='bbox 1263 2158 1376 2199; x_wconf 80' lang='lat' dir='ltr'>ipsam</span> <span class='ocrx_word' id='word_1_389' title='bbox 1399 2159 1567 2201; x_wconf 79' lang='lat' dir='ltr'>Appiam,</span> <span class='ocrx_word' id='word_1_390' title='bbox 1585 2171 1702 2192; x_wconf 83' lang='lat' dir='ltr'>monu-</span> 
     </span>
     <span class='ocr_line' id='line_1_38' title="bbox 154 2208 1701 2252; baseline 0.001 -10"><span class='ocrx_word' id='word_1_391' title='bbox 154 2214 302 2242; x_wconf 76' lang='lat' dir='ltr'>mentum</span> <span class='ocrx_word' id='word_1_392' title='bbox 340 2210 403 2242; x_wconf 80' lang='lat' dir='ltr'>sui</span> <span class='ocrx_word' id='word_1_393' title='bbox 439 2210 597 2249; x_wconf 76' lang='lat' dir='ltr'>nominis,</span> <span class='ocrx_word' id='word_1_394' title='bbox 637 2220 713 2242; x_wconf 85' lang='lat' dir='ltr'>nece</span> <span class='ocrx_word' id='word_1_395' title='bbox 748 2208 879 2250; x_wconf 74' lang='lat' dir='ltr'>Papiri</span> <span class='ocrx_word' id='word_1_396' title='bbox 914 2209 1128 2241; x_wconf 73' lang='lat' dir='ltr'>cruentauic:</span> <span class='ocrx_word' id='word_1_397' title='bbox 1168 2220 1379 2252; x_wconf 85' lang='lat' dir='ltr'>quamquam</span> <span class='ocrx_word' id='word_1_398' title='bbox 1415 2212 1521 2243; x_wconf 81' lang='lat' dir='ltr'>etiam</span> <span class='ocrx_word' id='word_1_399' title='bbox 1555 2211 1629 2243; x_wconf 84' lang='lat' dir='ltr'>sine</span> <span class='ocrx_word' id='word_1_400' title='bbox 1665 2212 1701 2243; x_wconf 85' lang='lat' dir='ltr'>ui</span> 
     </span>
     <span class='ocr_line' id='line_1_39' title="bbox 155 2261 1702 2305; baseline 0.001 -10"><span class='ocrx_word' id='word_1_401' title='bbox 155 2262 324 2295; x_wconf 78' lang='lat' dir='ltr'>reflexiua,</span> <span class='ocrx_word' id='word_1_402' title='bbox 351 2264 416 2295; x_wconf 87' lang='lat' dir='ltr'>hae</span> <span class='ocrx_word' id='word_1_403' title='bbox 443 2263 575 2295; x_wconf 84' lang='lat' dir='ltr'>formae</span> <span class='ocrx_word' id='word_1_404' title='bbox 602 2265 795 2304; x_wconf 87' lang='lat' dir='ltr'>ponuntur,</span> <span class='ocrx_word' id='word_1_405' title='bbox 822 2265 863 2294; x_wconf 90' lang='lat' dir='ltr'>ut</span> <span class='ocrx_word' id='word_1_406' title='bbox 890 2261 961 2295; x_wconf 87' lang='lat' dir='ltr'>Cic.</span> <span class='ocrx_word' id='word_1_407' title='bbox 989 2262 1085 2294; x_wconf 85' lang='lat' dir='ltr'>acad.</span> <span class='ocrx_word' id='word_1_408' title='bbox 1113 2273 1165 2304; x_wconf 90' lang='lat' dir='ltr'>pr.</span> <span class='ocrx_word' id='word_1_409' title='bbox 1191 2272 1220 2294; x_wconf 94' lang='lat'>11</span> <span class='ocrx_word' id='word_1_410' title='bbox 1254 2265 1315 2295; x_wconf 80' lang='lat'>144</span> <span class='ocrx_word' id='word_1_411' title='bbox 1345 2274 1431 2305; x_wconf 80' lang='lat' dir='ltr'>quae</span> <span class='ocrx_word' id='word_1_412' title='bbox 1461 2264 1534 2296; x_wconf 78' lang='lat' dir='ltr'>iam</span> <span class='ocrx_word' id='word_1_413' title='bbox 1559 2275 1627 2296; x_wconf 85' lang='lat' dir='ltr'>non</span> <span class='ocrx_word' id='word_1_414' title='bbox 1654 2265 1702 2296; x_wconf 83' lang='lat' dir='ltr'>ad</span> 
     </span>
     <span class='ocr_line' id='line_1_40' title="bbox 155 2314 1703 2356; baseline 0.001 -10"><span class='ocrx_word' id='word_1_415' title='bbox 155 2314 409 2346; x_wconf 70' lang='lat' dir='ltr'>multitudinem</span> <span class='ocrx_word' id='word_1_416' title='bbox 424 2315 482 2347; x_wconf 82' lang='lat' dir='ltr'>sed</span> <span class='ocrx_word' id='word_1_417' title='bbox 502 2315 549 2347; x_wconf 83' lang='lat' dir='ltr'>ad</span> <span class='ocrx_word' id='word_1_418' title='bbox 570 2318 695 2347; x_wconf 81' lang='lat' dir='ltr'>uosmet</span> <span class='ocrx_word' id='word_1_419' title='bbox 718 2314 819 2355; x_wconf 75' lang='lat' dir='ltr'>ipsos,</span> <span class='ocrx_word' id='word_1_420' title='bbox 839 2314 897 2355; x_wconf 79' lang='lat' dir='ltr'>qui</span> <span class='ocrx_word' id='word_1_421' title='bbox 920 2314 1057 2352; x_wconf 72' lang='lat' dir='ltr'>adestis,</span> <span class='ocrx_word' id='word_1_422' title='bbox 1081 2314 1262 2355; x_wconf 73' lang='lat' dir='ltr'>pertinent,</span> <span class='ocrx_word' id='word_1_423' title='bbox 1283 2315 1411 2347; x_wconf 78' lang='lat' dir='ltr'>catull.</span> <span class='ocrx_word' id='word_1_424' title='bbox 1432 2316 1490 2348; x_wconf 91' lang='grc'>101</span> <span class='ocrx_word' id='word_1_425' title='bbox 1516 2317 1536 2348; x_wconf 90' lang='grc'>5</span> <span class='ocrx_word' id='word_1_426' title='bbox 1551 2316 1703 2356; x_wconf 73' lang='lat' dir='ltr'>fortuna</span> 
     </span>
     <span class='ocr_line' id='line_1_41' title="bbox 155 2365 1701 2408; baseline 0.001 -10"><span class='ocrx_word' id='word_1_427' title='bbox 155 2366 242 2398; x_wconf 76' lang='lat' dir='ltr'>mihi</span> <span class='ocrx_word' id='word_1_428' title='bbox 269 2371 329 2398; x_wconf 84' lang='lat' dir='ltr'>tete</span> <span class='ocrx_word' id='word_1_429' title='bbox 360 2366 499 2398; x_wconf 79' lang='lat' dir='ltr'>abstulit</span> <span class='ocrx_word' id='word_1_430' title='bbox 529 2366 653 2407; x_wconf 78' lang='lat' dir='ltr'>ipsum.</span> <span class='ocrx_word' id='word_1_431' title='bbox 703 2365 796 2408; x_wconf 88' lang='lat' dir='ltr'>quod</span> <span class='ocrx_word' id='word_1_432' title='bbox 827 2365 956 2407; x_wconf 87' lang='lat' dir='ltr'>gradus</span> <span class='ocrx_word' id='word_1_433' title='bbox 984 2366 1159 2397; x_wconf 90' lang='lat' dir='ltr'>hominem</span> <span class='ocrx_word' id='word_1_434' title='bbox 1186 2367 1379 2408; x_wconf 84' lang='lat' dir='ltr'>prouehere</span> <span class='ocrx_word' id='word_1_435' title='bbox 1406 2368 1550 2407; x_wconf 80' lang='lat' dir='ltr'>dicitur,</span> <span class='ocrx_word' id='word_1_436' title='bbox 1579 2368 1701 2399; x_wconf 81' lang='lat' dir='ltr'>eadem</span> 
     </span>
     <span class='ocr_line' id='line_1_42' title="bbox 155 2417 1699 2461; baseline 0.001 -12"><span class='ocrx_word' id='word_1_437' title='bbox 155 2418 292 2450; x_wconf 86' lang='lat' dir='ltr'>ratione</span> <span class='ocrx_word' id='word_1_438' title='bbox 309 2418 483 2450; x_wconf 88' lang='lat' dir='ltr'>Homerus</span> <span class='ocrx_word' id='word_1_439' title='bbox 507 2417 549 2450; x_wconf 93' lang='lat' dir='ltr'>Il.</span> <span class='ocrx_word' id='word_1_440' title='bbox 570 2427 667 2449; x_wconf 80' lang='lat' dir='ltr'>xvnr</span> <span class='ocrx_word' id='word_1_441' title='bbox 694 2419 755 2449; x_wconf 85' lang='lat'>148</span> <span class='ocrx_word' id='word_1_442' title='bbox 779 2419 837 2456; x_wconf 81' lang='grc' dir='ltr'>τὴν</span> <span class='ocrx_word' id='word_1_443' title='bbox 860 2419 918 2456; x_wconf 78' lang='grc' dir='ltr'>μὲν</span> <span class='ocrx_word' id='word_1_444' title='bbox 943 2417 991 2458; x_wconf 81' lang='grc' dir='ltr'>ἄρ’</span> <span class='ocrx_word' id='word_1_445' title='bbox 1015 2418 1224 2456; x_wconf 82' lang='grc' dir='ltr'>Οὑλυμπόνδε</span> <span class='ocrx_word' id='word_1_446' title='bbox 1243 2420 1342 2450; x_wconf 85' lang='grc' dir='ltr'>πόδεσ</span> <span class='ocrx_word' id='word_1_447' title='bbox 1359 2420 1454 2460; x_wconf 82' lang='grc' dir='ltr'>φέρον</span> <span class='ocrx_word' id='word_1_448' title='bbox 1469 2423 1577 2461; x_wconf 86' lang='lat' dir='ltr'>atque</span> <span class='ocrx_word' id='word_1_449' title='bbox 1593 2420 1699 2451; x_wconf 83' lang='lat' dir='ltr'>etiam</span> 
     </span>
     <span class='ocr_line' id='line_1_43' title="bbox 154 2469 1702 2512; baseline 0.001 -10"><span class='ocrx_word' id='word_1_450' title='bbox 154 2469 303 2502; x_wconf 87' lang='lat' dir='ltr'>similius</span> <span class='ocrx_word' id='word_1_451' title='bbox 334 2469 457 2501; x_wconf 87' lang='lat' dir='ltr'>addito</span> <span class='ocrx_word' id='word_1_452' title='bbox 487 2470 677 2512; x_wconf 84' lang='lat' dir='ltr'>participio</span> <span class='ocrx_word' id='word_1_453' title='bbox 708 2469 772 2502; x_wconf 91' lang='lat' dir='ltr'>Od.</span> <span class='ocrx_word' id='word_1_454' title='bbox 804 2478 854 2501; x_wconf 83' lang='lat' dir='ltr'>xv</span> <span class='ocrx_word' id='word_1_455' title='bbox 885 2470 948 2501; x_wconf 86' lang='lat'>555</span> <span class='ocrx_word' id='word_1_456' title='bbox 979 2470 1036 2500; x_wconf 87' lang='grc' dir='ltr'>τὸν</span> <span class='ocrx_word' id='word_1_457' title='bbox 1067 2469 1095 2500; x_wconf 82' lang='grc' dir='ltr'>δ’</span> <span class='ocrx_word' id='word_1_458' title='bbox 1123 2471 1188 2500; x_wconf 78' lang='grc' dir='ltr'>ὦκα</span> <span class='ocrx_word' id='word_1_459' title='bbox 1220 2471 1423 2512; x_wconf 81' lang='grc' dir='ltr'>προβιβάντα</span> <span class='ocrx_word' id='word_1_460' title='bbox 1450 2472 1551 2503; x_wconf 83' lang='grc' dir='ltr'>πόδεσ</span> <span class='ocrx_word' id='word_1_461' title='bbox 1582 2473 1702 2512; x_wconf 84' lang='grc' dir='ltr'>φέρον;</span> 
     </span>
     <span class='ocr_line' id='line_1_44' title="bbox 155 2521 1700 2564; baseline 0.001 -11"><span class='ocrx_word' id='word_1_462' title='bbox 155 2521 267 2564; x_wconf 84' lang='lat' dir='ltr'>magis</span> <span class='ocrx_word' id='word_1_463' title='bbox 297 2521 430 2553; x_wconf 84' lang='lat' dir='ltr'>usitate</span> <span class='ocrx_word' id='word_1_464' title='bbox 460 2521 630 2553; x_wconf 84' lang='lat' dir='ltr'>Manilius</span> <span class='ocrx_word' id='word_1_465' title='bbox 667 2530 680 2552; x_wconf 95' lang='lat'>1</span> <span class='ocrx_word' id='word_1_466' title='bbox 716 2522 780 2555; x_wconf 84' lang='lat'>657</span> <span class='ocrx_word' id='word_1_467' title='bbox 819 2532 869 2563; x_wconf 87' lang='lat' dir='ltr'>sq.</span> <span class='ocrx_word' id='word_1_468' title='bbox 904 2531 961 2553; x_wconf 76' lang='lat' dir='ltr'>seu</span> <span class='ocrx_word' id='word_1_469' title='bbox 996 2531 1204 2562; x_wconf 78' lang='lat' dir='ltr'>quocumque</span> <span class='ocrx_word' id='word_1_470' title='bbox 1238 2532 1348 2562; x_wconf 72' lang='lat' dir='ltr'>nayae</span> <span class='ocrx_word' id='word_1_471' title='bbox 1382 2522 1521 2554; x_wconf 75' lang='lat' dir='ltr'>tulerint</span> <span class='ocrx_word' id='word_1_472' title='bbox 1555 2522 1700 2563; x_wconf 68' lang='lat' dir='ltr'>nestiyia</span> 
     </span>
     <span class='ocr_line' id='line_1_45' title="bbox 150 2572 1696 2614; baseline 0.001 -9"><span class='ocrx_word' id='word_1_473' title='bbox 150 2573 294 2614; x_wconf 79' lang='lat' dir='ltr'>plantae</span> <span class='ocrx_word' id='word_1_474' title='bbox 314 2573 318 2614; x_wconf 86' lang='grc' dir='ltr'>Ι</span> <span class='ocrx_word' id='word_1_475' title='bbox 339 2573 403 2605; x_wconf 77' lang='lat' dir='ltr'>has</span> <span class='ocrx_word' id='word_1_476' title='bbox 426 2573 526 2605; x_wconf 83' lang='lat' dir='ltr'>modo</span> <span class='ocrx_word' id='word_1_477' title='bbox 551 2578 726 2604; x_wconf 79' lang='lat' dir='ltr'>terrarum</span> <span class='ocrx_word' id='word_1_478' title='bbox 749 2583 838 2604; x_wconf 81' lang='lat' dir='ltr'>nunc</span> <span class='ocrx_word' id='word_1_479' title='bbox 863 2572 924 2603; x_wconf 74' lang='lat' dir='ltr'>lta-s·</span> <span class='ocrx_word' id='word_1_480' title='bbox 948 2572 1139 2613; x_wconf 77' lang='lat' dir='ltr'>9radientis</span> <span class='ocrx_word' id='word_1_481' title='bbox 1163 2573 1200 2604; x_wconf 84' lang='lat' dir='ltr'>in</span> <span class='ocrx_word' id='word_1_482' title='bbox 1225 2583 1305 2605; x_wconf 76' lang='lat' dir='ltr'>oras</span> <span class='ocrx_word' id='word_1_483' title='bbox 1392 2573 1455 2605; x_wconf 82' lang='lat'>326</span> <span class='ocrx_word' id='word_1_484' title='bbox 1478 2578 1598 2606; x_wconf 83' lang='lat' dir='ltr'>orbem</span> <span class='ocrx_word' id='word_1_485' title='bbox 1620 2574 1696 2606; x_wconf 86' lang='lat' dir='ltr'>cod.</span> 
     </span>
     <span class='ocr_line' id='line_1_46' title="bbox 157 2624 1702 2666; baseline 0.001 -9"><span class='ocrx_word' id='word_1_486' title='bbox 157 2625 183 2657; x_wconf 85' lang='lat' dir='ltr'><strong>F</strong></span> <span class='ocrx_word' id='word_1_487' title='bbox 186 2625 247 2657; x_wconf 89' lang='lat' dir='ltr'>lor.</span> <span class='ocrx_word' id='word_1_488' title='bbox 268 2625 410 2666; x_wconf 84' lang='lat' dir='ltr'>aliique,</span> <span class='ocrx_word' id='word_1_489' title='bbox 429 2628 513 2657; x_wconf 85' lang='lat' dir='ltr'>orbe</span> <span class='ocrx_word' id='word_1_490' title='bbox 536 2627 630 2656; x_wconf 78' lang='lat' dir='ltr'><strong>GLM.</strong></span> <span class='ocrx_word' id='word_1_491' title='bbox 681 2633 694 2655; x_wconf 94' lang='lat'>1</span> <span class='ocrx_word' id='word_1_492' title='bbox 717 2624 783 2656; x_wconf 83' lang='lat'>230</span> <span class='ocrx_word' id='word_1_493' title='bbox 800 2635 866 2665; x_wconf 76' lang='lat' dir='ltr'>per</span> <span class='ocrx_word' id='word_1_494' title='bbox 889 2629 1024 2656; x_wconf 74' lang='lat' dir='ltr'>teretem</span> <span class='ocrx_word' id='word_1_495' title='bbox 1044 2624 1192 2656; x_wconf 74' lang='lat' dir='ltr'>deducta</span> <span class='ocrx_word' id='word_1_496' title='bbox 1212 2629 1258 2656; x_wconf 74' lang='lat' dir='ltr'>est</span> <span class='ocrx_word' id='word_1_497' title='bbox 1277 2630 1370 2657; x_wconf 75' lang='lat' dir='ltr'>terra</span> <span class='ocrx_word' id='word_1_498' title='bbox 1386 2630 1550 2658; x_wconf 83' lang='lat' dir='ltr'>tumorem</span> <span class='ocrx_word' id='word_1_499' title='bbox 1638 2626 1702 2657; x_wconf 75' lang='lat'>32⁷</span> 
     </span>
     <span class='ocr_line' id='line_1_47' title="bbox 155 2674 1702 2718; baseline 0.001 -9"><span class='ocrx_word' id='word_1_500' title='bbox 155 2679 286 2709; x_wconf 88' lang='lat' dir='ltr'>mundo</span> <span class='ocrx_word' id='word_1_501' title='bbox 302 2680 338 2716; x_wconf 82' lang='lat' dir='ltr'>G,</span> <span class='ocrx_word' id='word_1_502' title='bbox 357 2679 396 2708; x_wconf 82' lang='lat' dir='ltr'>in</span> <span class='ocrx_word' id='word_1_503' title='bbox 411 2679 541 2708; x_wconf 88' lang='lat' dir='ltr'>mundo</span> <span class='ocrx_word' id='word_1_504' title='bbox 561 2679 619 2707; x_wconf 67' lang='grc' dir='ltr'>ΒΜ</span> <span class='ocrx_word' id='word_1_505' title='bbox 707 2679 753 2708; x_wconf 84' lang='lat' dir='ltr'>ab</span> <span class='ocrx_word' id='word_1_506' title='bbox 774 2674 848 2714; x_wconf 79' lang='lat' dir='ltr'>GL2,</span> <span class='ocrx_word' id='word_1_507' title='bbox 867 2679 912 2708; x_wconf 88' lang='lat' dir='ltr'>ad</span> <span class='ocrx_word' id='word_1_508' title='bbox 934 2679 992 2707; x_wconf 66' lang='grc' dir='ltr'>ΒΜ</span> <span class='ocrx_word' id='word_1_509' title='bbox 1081 2676 1163 2708; x_wconf 87' lang='lat' dir='ltr'>uide</span> <span class='ocrx_word' id='word_1_510' title='bbox 1187 2676 1233 2708; x_wconf 85' lang='lat' dir='ltr'>ad</span> <span class='ocrx_word' id='word_1_511' title='bbox 1256 2686 1270 2708; x_wconf 95' lang='lat'>1</span> <span class='ocrx_word' id='word_1_512' title='bbox 1296 2677 1357 2711; x_wconf 91' lang='lat'>167</span> <span class='ocrx_word' id='word_1_513' title='bbox 1379 2677 1529 2710; x_wconf 79' lang='lat' dir='ltr'>mediam</span> <span class='ocrx_word' id='word_1_514' title='bbox 1551 2678 1702 2718; x_wconf 76' lang='lat' dir='ltr'>undique</span> 
     </span>
     <span class='ocr_line' id='line_1_48' title="bbox 155 2727 1699 2769; baseline 0.001 -9"><span class='ocrx_word' id='word_1_515' title='bbox 155 2728 326 2760; x_wconf 81' lang='lat' dir='ltr'>adnotata</span> <span class='ocrx_word' id='word_1_516' title='bbox 414 2727 477 2759; x_wconf 86' lang='lat'>328</span> <span class='ocrx_word' id='word_1_517' title='bbox 494 2731 705 2760; x_wconf 80' lang='lat' dir='ltr'>conscendes</span> <span class='ocrx_word' id='word_1_518' title='bbox 727 2727 802 2760; x_wconf 90' lang='lat' dir='ltr'>cod.</span> <span class='ocrx_word' id='word_1_519' title='bbox 824 2727 915 2759; x_wconf 87' lang='lat' dir='ltr'>Flor.</span> <span class='ocrx_word' id='word_1_520' title='bbox 937 2727 1080 2769; x_wconf 84' lang='lat' dir='ltr'>aliique,</span> <span class='ocrx_word' id='word_1_521' title='bbox 1099 2731 1264 2760; x_wconf 82' lang='lat' dir='ltr'>consedes</span> <span class='ocrx_word' id='word_1_522' title='bbox 1280 2731 1364 2760; x_wconf 66' lang='grc' dir='ltr'>ΘΒΜ</span> <span class='ocrx_word' id='word_1_523' title='bbox 1452 2732 1623 2762; x_wconf 86' lang='lat' dir='ltr'>scandens</span> <span class='ocrx_word' id='word_1_524' title='bbox 1639 2732 1699 2769; x_wconf 83' lang='lat' dir='ltr'>GL,</span> 
     </span>
     <span class='ocr_line' id='line_1_49' title="bbox 157 2779 1702 2822; baseline 0.001 -10"><span class='ocrx_word' id='word_1_525' title='bbox 157 2782 304 2812; x_wconf 77' lang='lat' dir='ltr'>scandes</span> <span class='ocrx_word' id='word_1_526' title='bbox 330 2779 402 2812; x_wconf 80' lang='lat' dir='ltr'>L²M</span> <span class='ocrx_word' id='word_1_527' title='bbox 500 2779 585 2811; x_wconf 91' lang='lat' dir='ltr'>ordo</span> <span class='ocrx_word' id='word_1_528' title='bbox 616 2782 670 2811; x_wconf 84' lang='lat' dir='ltr'>est</span> <span class='ocrx_word' id='word_1_529' title='bbox 700 2779 758 2811; x_wconf 84' lang='lat' dir='ltr'>ubi</span> <span class='ocrx_word' id='word_1_530' title='bbox 787 2779 900 2811; x_wconf 83' lang='lat' dir='ltr'>orbem</span> <span class='ocrx_word' id='word_1_531' title='bbox 928 2779 1116 2811; x_wconf 74' lang='lat' dir='ltr'>rotundum</span> <span class='ocrx_word' id='word_1_532' title='bbox 1145 2780 1341 2812; x_wconf 76' lang='lat' dir='ltr'>conscendes</span> <span class='ocrx_word' id='word_1_533' title='bbox 1370 2780 1522 2822; x_wconf 81' lang='lat' dir='ltr'>interque</span> <span class='ocrx_word' id='word_1_534' title='bbox 1552 2791 1702 2813; x_wconf 79' lang='lat' dir='ltr'>conscen-</span> 
     </span>
     <span class='ocr_line' id='line_1_50' title="bbox 156 2830 1705 2872; baseline 0.001 -9"><span class='ocrx_word' id='word_1_535' title='bbox 156 2831 305 2864; x_wconf 86' lang='lat' dir='ltr'>dendum</span> <span class='ocrx_word' id='word_1_536' title='bbox 338 2831 440 2864; x_wconf 70' lang='lat' dir='ltr'>sim‘td</span> <span class='ocrx_word' id='word_1_537' title='bbox 474 2830 680 2872; x_wconf 75' lang='lat' dir='ltr'>deyrediere.</span> <span class='ocrx_word' id='word_1_538' title='bbox 742 2830 786 2863; x_wconf 85' lang='lat' dir='ltr'>de</span> <span class='ocrx_word' id='word_1_539' title='bbox 821 2830 1046 2863; x_wconf 78' lang='lat' dir='ltr'>substantiuo</span> <span class='ocrx_word' id='word_1_540' title='bbox 1081 2834 1117 2863; x_wconf 90' lang='lat' dir='ltr'>et</span> <span class='ocrx_word' id='word_1_541' title='bbox 1152 2831 1330 2864; x_wconf 83' lang='lat' dir='ltr'>adiectiuo</span> <span class='ocrx_word' id='word_1_542' title='bbox 1361 2833 1398 2864; x_wconf 91' lang='lat' dir='ltr'>in</span> <span class='ocrx_word' id='word_1_543' title='bbox 1429 2832 1498 2865; x_wconf 90' lang='lat' dir='ltr'>duo</span> <span class='ocrx_word' id='word_1_544' title='bbox 1534 2833 1705 2865; x_wconf 82' lang='lat' dir='ltr'>orationis</span> 
     </span>
    </p>
   </div>
  </div>
 </body>
</html>
