<?xml version="1.0" encoding="UTF-8"?>
<!DOCTYPE html PUBLIC "-//W3C//DTD XHTML 1.0 Transitional//EN"
    "http://www.w3.org/TR/xhtml1/DTD/xhtml1-transitional.dtd">
<html xmlns="http://www.w3.org/1999/xhtml" xml:lang="en" lang="en">
 <head>
  <title>
</title>
<meta http-equiv="Content-Type" content="text/html;charset=utf-8" />
  <meta name='ocr-system' content='tesseract 3.04.00' />
  <meta name='ocr-capabilities' content='ocr_page ocr_carea ocr_par ocr_line ocrx_word'/>
</head>
<body>
  <div class='ocr_page' id='page_1' title='image "astronomiconrece03maniuoft_0038.png"; bbox 0 0 1877 3146; ppageno 0'>
   <div class='ocr_carea' id='block_1_1' title="bbox 191 132 1133 176">
    <p class='ocr_par' dir='ltr' id='par_1_1' title="bbox 191 132 1133 176">
     <span class='ocr_line' id='line_1_1' title="bbox 191 132 1133 176; baseline -0.001 -1"><span class='ocrx_word' id='word_1_1' title='bbox 191 137 219 175; x_wconf 85' lang='lat'>4</span> <span class='ocrx_word' id='word_1_2' title='bbox 786 133 848 176; x_wconf 93' lang='grc' dir='ltr'>Μ.</span> <span class='ocrx_word' id='word_1_3' title='bbox 881 132 1133 175; x_wconf 90' lang='lat' dir='ltr'>MANILII</span> 
     </span>
    </p>
   </div>
   <div class='ocr_carea' id='block_1_2' title="bbox 209 243 1725 1192">
    <p class='ocr_par' dir='ltr' id='par_1_2' title="bbox 209 243 1725 1192">
     <span class='ocr_line' id='line_1_2' title="bbox 316 243 1396 301; baseline -0.003 -14"><span class='ocrx_word' id='word_1_4' title='bbox 316 250 362 287; x_wconf 70' lang='lat' dir='ltr'>at</span> <span class='ocrx_word' id='word_1_5' title='bbox 382 245 485 287; x_wconf 89' lang='lat' dir='ltr'>mihi</span> <span class='ocrx_word' id='word_1_6' title='bbox 505 259 578 301; x_wconf 87' lang='lat' dir='ltr'>per</span> <span class='ocrx_word' id='word_1_7' title='bbox 597 259 794 286; x_wconf 88' lang='lat' dir='ltr'>numeros</span> <span class='ocrx_word' id='word_1_8' title='bbox 813 244 1043 300; x_wconf 70' lang='lat' dir='ltr'>ignotaque</span> <span class='ocrx_word' id='word_1_9' title='bbox 1062 243 1236 285; x_wconf 88' lang='lat' dir='ltr'>nomina</span> <span class='ocrx_word' id='word_1_10' title='bbox 1254 257 1396 285; x_wconf 88' lang='lat' dir='ltr'>rerum</span> 
     </span>
     <span class='ocr_line' id='line_1_3' title="bbox 312 316 1437 375; baseline -0.003 -14"><span class='ocrx_word' id='word_1_11' title='bbox 312 325 590 375; x_wconf 75' lang='lat' dir='ltr'>temporaque</span> <span class='ocrx_word' id='word_1_12' title='bbox 610 324 652 361; x_wconf 69' lang='lat' dir='ltr'>ef,</span> <span class='ocrx_word' id='word_1_13' title='bbox 671 319 810 360; x_wconf 88' lang='lat' dir='ltr'>uarios</span> <span class='ocrx_word' id='word_1_14' title='bbox 829 333 952 361; x_wconf 85' lang='lat' dir='ltr'>casus</span> <span class='ocrx_word' id='word_1_15' title='bbox 971 322 1271 373; x_wconf 69' lang='lat' dir='ltr'>momentaque</span> <span class='ocrx_word' id='word_1_16' title='bbox 1290 316 1437 358; x_wconf 89' lang='lat' dir='ltr'>mundi</span> 
     </span>
     <span class='ocr_line' id='line_1_4' title="bbox 314 391 1388 449; baseline -0.003 -14"><span class='ocrx_word' id='word_1_17' title='bbox 314 395 615 449; x_wconf 72' lang='lat' dir='ltr'>signorumque</span> <span class='ocrx_word' id='word_1_18' title='bbox 633 393 746 434; x_wconf 86' lang='lat' dir='ltr'>uices</span> <span class='ocrx_word' id='word_1_19' title='bbox 766 397 992 448; x_wconf 71' lang='lat' dir='ltr'>partesque</span> <span class='ocrx_word' id='word_1_20' title='bbox 1011 392 1054 433; x_wconf 89' lang='lat' dir='ltr'>in</span> <span class='ocrx_word' id='word_1_21' title='bbox 1074 391 1267 447; x_wconf 72' lang='lat' dir='ltr'>parbibus</span> <span class='ocrx_word' id='word_1_22' title='bbox 1287 391 1388 446; x_wconf 91' lang='lat' dir='ltr'>ipsis</span> 
     </span>
     <span class='ocr_line' id='line_1_5' title="bbox 313 465 1725 522; baseline -0.002 -13"><span class='ocrx_word' id='word_1_23' title='bbox 313 467 564 510; x_wconf 72' lang='lat' dir='ltr'>luctandum</span> <span class='ocrx_word' id='word_1_24' title='bbox 581 473 656 509; x_wconf 70' lang='lat' dir='ltr'>est.</span> <span class='ocrx_word' id='word_1_25' title='bbox 712 481 821 522; x_wconf 86' lang='lat' dir='ltr'>quae</span> <span class='ocrx_word' id='word_1_26' title='bbox 834 481 956 508; x_wconf 88' lang='lat' dir='ltr'>nosse</span> <span class='ocrx_word' id='word_1_27' title='bbox 969 466 1107 516; x_wconf 88' lang='lat' dir='ltr'>nimis,</span> <span class='ocrx_word' id='word_1_28' title='bbox 1125 466 1239 521; x_wconf 90' lang='lat' dir='ltr'>quid,</span> <span class='ocrx_word' id='word_1_29' title='bbox 1255 466 1392 507; x_wconf 81' lang='lat' dir='ltr'>dicere</span> <span class='ocrx_word' id='word_1_30' title='bbox 1406 470 1616 521; x_wconf 71' lang='lat' dir='ltr'>quantum</span> <span class='ocrx_word' id='word_1_31' title='bbox 1629 469 1693 506; x_wconf 72' lang='lat' dir='ltr'>est</span> <span class='ocrx_word' id='word_1_32' title='bbox 1709 465 1725 506; x_wconf 75' lang='grc' dir='ltr'>’ἐ</span> 
     </span>
     <span class='ocr_line' id='line_1_6' title="bbox 210 540 1552 597; baseline -0.001 -15"><span class='ocrx_word' id='word_1_33' title='bbox 210 549 256 582; x_wconf 87' lang='grc'>35</span> <span class='ocrx_word' id='word_1_34' title='bbox 311 542 495 584; x_wconf 82' lang='lat' dir='ltr'>carmine</span> <span class='ocrx_word' id='word_1_35' title='bbox 515 541 617 597; x_wconf 91' lang='lat' dir='ltr'>quid</span> <span class='ocrx_word' id='word_1_36' title='bbox 637 541 806 597; x_wconf 88' lang='lat' dir='ltr'>proprio</span> <span class='ocrx_word' id='word_1_37' title='bbox 823 542 838 583; x_wconf 69' lang='grc' dir='ltr'>’.ἰ</span> <span class='ocrx_word' id='word_1_38' title='bbox 886 540 1063 596; x_wconf 90' lang='lat' dir='ltr'>pedibus</span> <span class='ocrx_word' id='word_1_39' title='bbox 1084 540 1186 595; x_wconf 89' lang='lat' dir='ltr'>quid</span> <span class='ocrx_word' id='word_1_40' title='bbox 1206 540 1376 595; x_wconf 83' lang='lat' dir='ltr'>iungere</span> <span class='ocrx_word' id='word_1_41' title='bbox 1395 540 1520 582; x_wconf 71' lang='lat' dir='ltr'>certis</span> <span class='ocrx_word' id='word_1_42' title='bbox 1537 540 1552 581; x_wconf 74' lang='lat'><strong><em>2</em></strong></span> 
     </span>
     <span class='ocr_line' id='line_1_7' title="bbox 313 614 1394 671; baseline -0.003 -13"><span class='ocrx_word' id='word_1_43' title='bbox 313 617 394 658; x_wconf 87' lang='lat' dir='ltr'>huc</span> <span class='ocrx_word' id='word_1_44' title='bbox 414 616 526 666; x_wconf 89' lang='lat' dir='ltr'>ades,</span> <span class='ocrx_word' id='word_1_45' title='bbox 549 630 573 657; x_wconf 95' lang='lat' dir='ltr'>o</span> <span class='ocrx_word' id='word_1_46' title='bbox 594 615 850 671; x_wconf 89' lang='lat' dir='ltr'>quicumque</span> <span class='ocrx_word' id='word_1_47' title='bbox 870 615 973 656; x_wconf 88' lang='lat' dir='ltr'>meis</span> <span class='ocrx_word' id='word_1_48' title='bbox 993 614 1214 656; x_wconf 70' lang='lat' dir='ltr'>aduertere</span> <span class='ocrx_word' id='word_1_49' title='bbox 1234 614 1394 669; x_wconf 75' lang='lat' dir='ltr'>coeptis</span> 
     </span>
     <span class='ocr_line' id='line_1_8' title="bbox 312 689 1408 745; baseline -0.002 -13"><span class='ocrx_word' id='word_1_50' title='bbox 312 705 457 732; x_wconf 88' lang='lat' dir='ltr'>aurem</span> <span class='ocrx_word' id='word_1_51' title='bbox 477 690 705 745; x_wconf 90' lang='lat' dir='ltr'>oculosque</span> <span class='ocrx_word' id='word_1_52' title='bbox 725 695 859 745; x_wconf 71' lang='lat' dir='ltr'>potes,</span> <span class='ocrx_word' id='word_1_53' title='bbox 881 704 1003 731; x_wconf 86' lang='lat' dir='ltr'>ueras</span> <span class='ocrx_word' id='word_1_54' title='bbox 1024 694 1066 731; x_wconf 70' lang='lat' dir='ltr'>eb</span> <span class='ocrx_word' id='word_1_55' title='bbox 1086 689 1253 744; x_wconf 86' lang='lat' dir='ltr'>percipe</span> <span class='ocrx_word' id='word_1_56' title='bbox 1272 703 1408 730; x_wconf 89' lang='lat' dir='ltr'>uoces.</span> 
     </span>
     <span class='ocr_line' id='line_1_9' title="bbox 311 763 1453 821; baseline -0.003 -14"><span class='ocrx_word' id='word_1_57' title='bbox 311 764 517 821; x_wconf 88' lang='lat' dir='ltr'>inpendas</span> <span class='ocrx_word' id='word_1_58' title='bbox 535 764 724 806; x_wconf 87' lang='lat' dir='ltr'>animum</span> <span class='ocrx_word' id='word_1_59' title='bbox 743 779 753 816; x_wconf 82' lang='lat'><em>3</em></span> <span class='ocrx_word' id='word_1_60' title='bbox 789 779 865 805; x_wconf 90' lang='lat' dir='ltr'>nec</span> <span class='ocrx_word' id='word_1_61' title='bbox 885 764 1024 806; x_wconf 89' lang='lat' dir='ltr'>dulcia</span> <span class='ocrx_word' id='word_1_62' title='bbox 1044 763 1231 805; x_wconf 88' lang='lat' dir='ltr'>carmina</span> <span class='ocrx_word' id='word_1_63' title='bbox 1251 778 1428 818; x_wconf 81' lang='lat' dir='ltr'>quaeras</span> <span class='ocrx_word' id='word_1_64' title='bbox 1445 777 1453 805; x_wconf 91' lang='lat'>:</span> 
     </span>
     <span class='ocr_line' id='line_1_10' title="bbox 312 837 1186 894; baseline 0 -14"><span class='ocrx_word' id='word_1_65' title='bbox 312 839 450 881; x_wconf 85' lang='lat' dir='ltr'>ornari</span> <span class='ocrx_word' id='word_1_66' title='bbox 469 853 534 880; x_wconf 87' lang='lat' dir='ltr'>res</span> <span class='ocrx_word' id='word_1_67' title='bbox 553 838 644 894; x_wconf 89' lang='lat' dir='ltr'>ipsa</span> <span class='ocrx_word' id='word_1_68' title='bbox 664 843 792 894; x_wconf 69' lang='lat' dir='ltr'>negat</span> <span class='ocrx_word' id='word_1_69' title='bbox 812 843 1014 880; x_wconf 67' lang='lat' dir='ltr'>contenta</span> <span class='ocrx_word' id='word_1_70' title='bbox 1034 837 1186 880; x_wconf 87' lang='lat' dir='ltr'>doceri.</span> 
     </span>
     <span class='ocr_line' id='line_1_11' title="bbox 209 912 1344 969; baseline 0 -17"><span class='ocrx_word' id='word_1_71' title='bbox 209 921 255 952; x_wconf 86' lang='lat'>40</span> <span class='ocrx_word' id='word_1_72' title='bbox 311 919 366 963; x_wconf 69' lang='lat' dir='ltr'>eb,</span> <span class='ocrx_word' id='word_1_73' title='bbox 388 913 422 955; x_wconf 88' lang='lat' dir='ltr'>si</span> <span class='ocrx_word' id='word_1_74' title='bbox 443 927 527 969; x_wconf 89' lang='lat' dir='ltr'>qua</span> <span class='ocrx_word' id='word_1_75' title='bbox 548 918 722 954; x_wconf 69' lang='lat' dir='ltr'>externa</span> <span class='ocrx_word' id='word_1_76' title='bbox 742 913 976 954; x_wconf 69' lang='lat' dir='ltr'>referentur</span> <span class='ocrx_word' id='word_1_77' title='bbox 995 912 1168 954; x_wconf 88' lang='lat' dir='ltr'>nomina</span> <span class='ocrx_word' id='word_1_78' title='bbox 1187 912 1344 967; x_wconf 84' lang='lat' dir='ltr'>lingua,</span> 
     </span>
     <span class='ocr_line' id='line_1_12' title="bbox 311 986 1343 1043; baseline -0.002 -14"><span class='ocrx_word' id='word_1_79' title='bbox 311 988 389 1029; x_wconf 88' lang='lat' dir='ltr'>hoc</span> <span class='ocrx_word' id='word_1_80' title='bbox 410 987 558 1043; x_wconf 88' lang='lat' dir='ltr'>operis,</span> <span class='ocrx_word' id='word_1_81' title='bbox 581 1002 666 1029; x_wconf 88' lang='lat' dir='ltr'>non</span> <span class='ocrx_word' id='word_1_82' title='bbox 685 988 798 1029; x_wconf 69' lang='lat' dir='ltr'>uatis</span> <span class='ocrx_word' id='word_1_83' title='bbox 820 987 899 1029; x_wconf 64' lang='lat' dir='ltr'>erib</span> <span class='ocrx_word' id='word_1_84' title='bbox 918 1002 926 1029; x_wconf 92' lang='lat'>:</span> <span class='ocrx_word' id='word_1_85' title='bbox 963 1002 1049 1028; x_wconf 90' lang='lat' dir='ltr'>non</span> <span class='ocrx_word' id='word_1_86' title='bbox 1069 987 1212 1028; x_wconf 84' lang='lat' dir='ltr'>omnia</span> <span class='ocrx_word' id='word_1_87' title='bbox 1232 986 1343 1028; x_wconf 75' lang='lat' dir='ltr'>flecti</span> 
     </span>
     <span class='ocr_line' id='line_1_13' title="bbox 311 1061 1387 1117; baseline -0.002 -13"><span class='ocrx_word' id='word_1_88' title='bbox 311 1067 502 1117; x_wconf 71' lang='lat' dir='ltr'>possunt,</span> <span class='ocrx_word' id='word_1_89' title='bbox 525 1067 567 1104; x_wconf 68' lang='lat' dir='ltr'>et</span> <span class='ocrx_word' id='word_1_90' title='bbox 587 1062 756 1117; x_wconf 89' lang='lat' dir='ltr'>propria</span> <span class='ocrx_word' id='word_1_91' title='bbox 777 1062 926 1103; x_wconf 88' lang='lat' dir='ltr'>melius</span> <span class='ocrx_word' id='word_1_92' title='bbox 945 1061 1025 1103; x_wconf 85' lang='lat' dir='ltr'>sub</span> <span class='ocrx_word' id='word_1_93' title='bbox 1046 1076 1150 1103; x_wconf 92' lang='lat' dir='ltr'>uoce</span> <span class='ocrx_word' id='word_1_94' title='bbox 1169 1066 1387 1102; x_wconf 64' lang='lat' dir='ltr'>nohantur.</span> 
     </span>
     <span class='ocr_line' id='line_1_14' title="bbox 365 1135 1419 1192; baseline -0.002 -14"><span class='ocrx_word' id='word_1_95' title='bbox 365 1151 477 1178; x_wconf 89' lang='lat' dir='ltr'>nunc</span> <span class='ocrx_word' id='word_1_96' title='bbox 497 1151 573 1192; x_wconf 82' lang='lat' dir='ltr'>age</span> <span class='ocrx_word' id='word_1_97' title='bbox 593 1136 739 1178; x_wconf 72' lang='lat' dir='ltr'>subtili</span> <span class='ocrx_word' id='word_1_98' title='bbox 758 1151 848 1178; x_wconf 90' lang='lat' dir='ltr'>rem</span> <span class='ocrx_word' id='word_1_99' title='bbox 867 1150 1080 1178; x_wconf 89' lang='lat' dir='ltr'>summam</span> <span class='ocrx_word' id='word_1_100' title='bbox 1100 1135 1288 1191; x_wconf 84' lang='lat' dir='ltr'>perspice</span> <span class='ocrx_word' id='word_1_101' title='bbox 1307 1149 1419 1185; x_wconf 86' lang='lat' dir='ltr'>cura,</span> 
     </span>
    </p>
   </div>
   <div class='ocr_carea' id='block_1_3' title="bbox 185 1273 1735 2862">
    <p class='ocr_par' dir='ltr' id='par_1_3' title="bbox 185 1273 1735 2862">
     <span class='ocr_line' id='line_1_15' title="bbox 192 1273 1730 1317; baseline -0.001 -10"><span class='ocrx_word' id='word_1_102' title='bbox 192 1280 237 1307; x_wconf 72' lang='lat' dir='ltr'>esc</span> <span class='ocrx_word' id='word_1_103' title='bbox 256 1277 322 1314; x_wconf 84' lang='lat' dir='ltr'>(res</span> <span class='ocrx_word' id='word_1_104' title='bbox 341 1276 547 1317; x_wconf 77' lang='lat' dir='ltr'>peruagata)</span> <span class='ocrx_word' id='word_1_105' title='bbox 564 1274 721 1316; x_wconf 73' lang='lat' dir='ltr'>speciosis</span> <span class='ocrx_word' id='word_1_106' title='bbox 742 1275 840 1306; x_wconf 72' lang='lat' dir='ltr'>rebus</span> <span class='ocrx_word' id='word_1_107' title='bbox 860 1274 1018 1307; x_wconf 75' lang='lat' dir='ltr'>carmina</span> <span class='ocrx_word' id='word_1_108' title='bbox 1040 1274 1180 1306; x_wconf 76' lang='lat' dir='ltr'>condere</span> <span class='ocrx_word' id='word_1_109' title='bbox 1203 1279 1231 1306; x_wconf 70' lang='lat' dir='ltr'>ec</span> <span class='ocrx_word' id='word_1_110' title='bbox 1253 1273 1398 1314; x_wconf 74' lang='lat' dir='ltr'>simpleoe</span> <span class='ocrx_word' id='word_1_111' title='bbox 1419 1284 1503 1314; x_wconf 78' lang='lat' dir='ltr'>opus</span> <span class='ocrx_word' id='word_1_112' title='bbox 1523 1283 1730 1314; x_wconf 78' lang='lat' dir='ltr'>componere,</span> 
     </span>
     <span class='ocr_line' id='line_1_16' title="bbox 190 1325 1734 1369; baseline -0.001 -11"><span class='ocrx_word' id='word_1_113' title='bbox 190 1326 284 1369; x_wconf 89' lang='lat' dir='ltr'>quod</span> <span class='ocrx_word' id='word_1_114' title='bbox 308 1330 430 1358; x_wconf 78' lang='lat' dir='ltr'>contra</span> <span class='ocrx_word' id='word_1_115' title='bbox 446 1327 594 1358; x_wconf 85' lang='lat' dir='ltr'>Manilio</span> <span class='ocrx_word' id='word_1_116' title='bbox 618 1326 722 1358; x_wconf 88' lang='lat' dir='ltr'>rebus</span> <span class='ocrx_word' id='word_1_117' title='bbox 745 1327 888 1358; x_wconf 86' lang='lat' dir='ltr'>minime</span> <span class='ocrx_word' id='word_1_118' title='bbox 912 1327 1077 1368; x_wconf 82' lang='lat' dir='ltr'>speciosis</span> <span class='ocrx_word' id='word_1_119' title='bbox 1101 1325 1280 1357; x_wconf 88' lang='lat' dir='ltr'>condenda</span> <span class='ocrx_word' id='word_1_120' title='bbox 1303 1328 1386 1357; x_wconf 72' lang='lat' dir='ltr'>sunt</span> <span class='ocrx_word' id='word_1_121' title='bbox 1409 1325 1564 1356; x_wconf 82' lang='lat' dir='ltr'>carmina</span> <span class='ocrx_word' id='word_1_122' title='bbox 1587 1328 1624 1356; x_wconf 77' lang='lat' dir='ltr'>et</span> <span class='ocrx_word' id='word_1_123' title='bbox 1646 1335 1734 1367; x_wconf 86' lang='lat' dir='ltr'>opus</span> 
     </span>
     <span class='ocr_line' id='line_1_17' title="bbox 189 1376 1735 1421; baseline -0.001 -11"><span class='ocrx_word' id='word_1_124' title='bbox 189 1378 466 1421; x_wconf 88' lang='lat' dir='ltr'>componendum</span> <span class='ocrx_word' id='word_1_125' title='bbox 495 1378 684 1420; x_wconf 78' lang='lat' dir='ltr'>multiplex</span> <span class='ocrx_word' id='word_1_126' title='bbox 773 1378 812 1408; x_wconf 88' lang='grc'>31</span> <span class='ocrx_word' id='word_1_127' title='bbox 845 1388 1013 1415; x_wconf 73' lang='lat' dir='ltr'>mmueros,</span> <span class='ocrx_word' id='word_1_128' title='bbox 1045 1379 1210 1419; x_wconf 81' lang='grc' dir='ltr'>ὰριθμοὺσ,</span> <span class='ocrx_word' id='word_1_129' title='bbox 1239 1377 1332 1419; x_wconf 92' lang='lat' dir='ltr'>quod</span> <span class='ocrx_word' id='word_1_130' title='bbox 1359 1379 1504 1419; x_wconf 75' lang='lat' dir='ltr'>propter</span> <span class='ocrx_word' id='word_1_131' title='bbox 1530 1376 1664 1418; x_wconf 87' lang='lat' dir='ltr'>Fayum</span> <span class='ocrx_word' id='word_1_132' title='bbox 1697 1381 1735 1409; x_wconf 77' lang='lat' dir='ltr'>et</span> 
     </span>
     <span class='ocr_line' id='line_1_18' title="bbox 193 1428 1647 1472; baseline -0.001 -11"><span class='ocrx_word' id='word_1_133' title='bbox 193 1430 403 1472; x_wconf 86' lang='lat' dir='ltr'>Pingraeum</span> <span class='ocrx_word' id='word_1_134' title='bbox 428 1429 614 1461; x_wconf 88' lang='lat' dir='ltr'>dicendum</span> <span class='ocrx_word' id='word_1_135' title='bbox 639 1433 694 1461; x_wconf 69' lang='lat' dir='ltr'>est</span> <span class='ocrx_word' id='word_1_136' title='bbox 783 1429 824 1460; x_wconf 85' lang='lat'>32</span> <span class='ocrx_word' id='word_1_137' title='bbox 847 1438 950 1461; x_wconf 83' lang='lat' dir='ltr'>casus</span> <span class='ocrx_word' id='word_1_138' title='bbox 973 1428 1047 1468; x_wconf 60' lang='grc' dir='ltr'>ΕΠΖ,</span> <span class='ocrx_word' id='word_1_139' title='bbox 1072 1438 1195 1461; x_wconf 82' lang='lat' dir='ltr'>cursus</span> <span class='ocrx_word' id='word_1_140' title='bbox 1218 1428 1291 1461; x_wconf 85' lang='lat' dir='ltr'>cod.</span> <span class='ocrx_word' id='word_1_141' title='bbox 1313 1428 1483 1467; x_wconf 86' lang='lat' dir='ltr'>Venetus,</span> <span class='ocrx_word' id='word_1_142' title='bbox 1502 1438 1568 1460; x_wconf 89' lang='lat' dir='ltr'>om.</span> <span class='ocrx_word' id='word_1_143' title='bbox 1588 1431 1647 1460; x_wconf 75' lang='lat' dir='ltr'>Lm</span> 
     </span>
     <span class='ocr_line' id='line_1_19' title="bbox 232 1481 1733 1523; baseline -0.001 -10"><span class='ocrx_word' id='word_1_144' title='bbox 232 1482 273 1513; x_wconf 83' lang='lat'>33</span> <span class='ocrx_word' id='word_1_145' title='bbox 290 1484 543 1521; x_wconf 81' lang='lat' dir='ltr'>signorumque</span> <span class='ocrx_word' id='word_1_146' title='bbox 558 1481 737 1523; x_wconf 85' lang='lat' dir='ltr'>praeclare</span> <span class='ocrx_word' id='word_1_147' title='bbox 750 1481 940 1520; x_wconf 74' lang='lat' dir='ltr'>Bentleius,</span> <span class='ocrx_word' id='word_1_148' title='bbox 958 1490 1177 1519; x_wconf 84' lang='lat' dir='ltr'>quorumque</span> <span class='ocrx_word' id='word_1_149' title='bbox 1192 1483 1238 1519; x_wconf 87' lang='lat' dir='ltr'>M,</span> <span class='ocrx_word' id='word_1_150' title='bbox 1258 1488 1407 1518; x_wconf 84' lang='lat' dir='ltr'>quorum</span> <span class='ocrx_word' id='word_1_151' title='bbox 1423 1488 1514 1518; x_wconf 86' lang='lat' dir='ltr'>quae</span> <span class='ocrx_word' id='word_1_152' title='bbox 1528 1482 1563 1519; x_wconf 86' lang='lat'>1.,</span> <span class='ocrx_word' id='word_1_153' title='bbox 1583 1488 1733 1518; x_wconf 84' lang='lat' dir='ltr'>quorum</span> 
     </span>
     <span class='ocr_line' id='line_1_20' title="bbox 191 1531 1730 1573; baseline -0.001 -8"><span class='ocrx_word' id='word_1_154' title='bbox 191 1542 352 1572; x_wconf 85' lang='lat' dir='ltr'>quaeque</span> <span class='ocrx_word' id='word_1_155' title='bbox 375 1533 448 1565; x_wconf 59' lang='grc' dir='ltr'>(ΗΡ.</span> <span class='ocrx_word' id='word_1_156' title='bbox 497 1534 602 1565; x_wconf 87' lang='lat' dir='ltr'>Aetn.</span> <span class='ocrx_word' id='word_1_157' title='bbox 622 1534 686 1565; x_wconf 71' lang='lat'>‘235</span> <span class='ocrx_word' id='word_1_158' title='bbox 709 1532 799 1565; x_wconf 74' lang='lat' dir='ltr'>uices</span> <span class='ocrx_word' id='word_1_159' title='bbox 815 1557 822 1565; x_wconf 95' lang='lat'>.</span> <span class='ocrx_word' id='word_1_160' title='bbox 845 1557 852 1565; x_wconf 92' lang='lat'>.</span> <span class='ocrx_word' id='word_1_161' title='bbox 873 1558 880 1565; x_wconf 93' lang='lat'>.</span> <span class='ocrx_word' id='word_1_162' title='bbox 901 1533 1088 1573; x_wconf 65' lang='lat' dir='ltr'>simiorum,</span> <span class='ocrx_word' id='word_1_163' title='bbox 1109 1532 1186 1565; x_wconf 84' lang='lat' dir='ltr'>Sen.</span> <span class='ocrx_word' id='word_1_164' title='bbox 1206 1543 1278 1573; x_wconf 86' lang='lat' dir='ltr'>n.q.</span> <span class='ocrx_word' id='word_1_165' title='bbox 1299 1541 1344 1563; x_wconf 91' lang='lat'>111</span> <span class='ocrx_word' id='word_1_166' title='bbox 1362 1531 1405 1564; x_wconf 79' lang='lat'>29</span> <span class='ocrx_word' id='word_1_167' title='bbox 1421 1532 1442 1563; x_wconf 92' lang='lat'><strong>3</strong></span> <span class='ocrx_word' id='word_1_168' title='bbox 1457 1531 1546 1563; x_wconf 79' lang='lat' dir='ltr'>uices</span> <span class='ocrx_word' id='word_1_169' title='bbox 1567 1531 1730 1572; x_wconf 73' lang='lat' dir='ltr'>siderum,</span> 
     </span>
     <span class='ocr_line' id='line_1_21' title="bbox 190 1582 1730 1626; baseline -0.002 -9"><span class='ocrx_word' id='word_1_170' title='bbox 190 1585 286 1617; x_wconf 85' lang='lat' dir='ltr'>Man.</span> <span class='ocrx_word' id='word_1_171' title='bbox 314 1594 327 1617; x_wconf 94' lang='lat'>1</span> <span class='ocrx_word' id='word_1_172' title='bbox 354 1586 416 1617; x_wconf 90' lang='lat'>110</span> <span class='ocrx_word' id='word_1_173' title='bbox 439 1595 525 1626; x_wconf 73' lang='lat' dir='ltr'>quas</span> <span class='ocrx_word' id='word_1_174' title='bbox 542 1609 549 1616; x_wconf 94' lang='lat'>.</span> <span class='ocrx_word' id='word_1_175' title='bbox 572 1609 578 1616; x_wconf 96' lang='lat'>.</span> <span class='ocrx_word' id='word_1_176' title='bbox 600 1609 606 1616; x_wconf 96' lang='lat'>.</span> <span class='ocrx_word' id='word_1_177' title='bbox 628 1584 717 1616; x_wconf 74' lang='lat' dir='ltr'>uices</span> <span class='ocrx_word' id='word_1_178' title='bbox 740 1589 877 1625; x_wconf 72' lang='lat' dir='ltr'>ayerenc</span> <span class='ocrx_word' id='word_1_179' title='bbox 906 1586 1034 1626; x_wconf 84' lang='lat' dir='ltr'>(signa)</span> <span class='ocrx_word' id='word_1_180' title='bbox 1119 1588 1239 1625; x_wconf 71' lang='lat' dir='ltr'>partes</span> <span class='ocrx_word' id='word_1_181' title='bbox 1265 1583 1302 1615; x_wconf 76' lang='lat' dir='ltr'>in</span> <span class='ocrx_word' id='word_1_182' title='bbox 1325 1582 1495 1624; x_wconf 73' lang='lat' dir='ltr'>partibus,</span> <span class='ocrx_word' id='word_1_183' title='bbox 1521 1592 1550 1614; x_wconf 89' lang='lat'>11</span> <span class='ocrx_word' id='word_1_184' title='bbox 1575 1583 1638 1615; x_wconf 89' lang='lat'>698</span> <span class='ocrx_word' id='word_1_185' title='bbox 1662 1594 1730 1625; x_wconf 84' lang='lat' dir='ltr'>sq.,</span> 
     </span>
     <span class='ocr_line' id='line_1_22' title="bbox 193 1634 1729 1679; baseline -0.002 -8"><span class='ocrx_word' id='word_1_186' title='bbox 193 1636 256 1671; x_wconf 88' lang='lat'>739</span> <span class='ocrx_word' id='word_1_187' title='bbox 279 1647 329 1679; x_wconf 87' lang='lat' dir='ltr'>sq.</span> <span class='ocrx_word' id='word_1_188' title='bbox 423 1636 465 1667; x_wconf 79' lang='lat'>34</span> <span class='ocrx_word' id='word_1_189' title='bbox 488 1639 573 1675; x_wconf 80' lang='lat' dir='ltr'>quid</span> <span class='ocrx_word' id='word_1_190' title='bbox 596 1639 640 1675; x_wconf 88' lang='lat' dir='ltr'>M,</span> <span class='ocrx_word' id='word_1_191' title='bbox 668 1639 760 1673; x_wconf 85' lang='lat' dir='ltr'>quod</span> <span class='ocrx_word' id='word_1_192' title='bbox 784 1639 834 1668; x_wconf 82' lang='lat' dir='ltr'>GL</span> <span class='ocrx_word' id='word_1_193' title='bbox 920 1636 1143 1678; x_wconf 73' lang='lat' dir='ltr'>interpunxit</span> <span class='ocrx_word' id='word_1_194' title='bbox 1166 1635 1367 1667; x_wconf 79' lang='lat' dir='ltr'>Bentleius:</span> <span class='ocrx_word' id='word_1_195' title='bbox 1400 1634 1482 1666; x_wconf 86' lang='lat' dir='ltr'>uide</span> <span class='ocrx_word' id='word_1_196' title='bbox 1505 1634 1607 1667; x_wconf 85' lang='lat' dir='ltr'>Drac.</span> <span class='ocrx_word' id='word_1_197' title='bbox 1634 1635 1729 1668; x_wconf 84' lang='lat' dir='ltr'>Med.</span> 
     </span>
     <span class='ocr_line' id='line_1_23' title="bbox 195 1686 1734 1730; baseline -0.001 -10"><span class='ocrx_word' id='word_1_198' title='bbox 195 1689 235 1721; x_wconf 89' lang='grc'>15</span> <span class='ocrx_word' id='word_1_199' title='bbox 258 1699 308 1730; x_wconf 90' lang='lat' dir='ltr'>sq.</span> <span class='ocrx_word' id='word_1_200' title='bbox 334 1699 420 1730; x_wconf 77' lang='lat' dir='ltr'>quae</span> <span class='ocrx_word' id='word_1_201' title='bbox 444 1699 537 1720; x_wconf 61' lang='lat' dir='ltr'>nosse</span> <span class='ocrx_word' id='word_1_202' title='bbox 558 1689 748 1729; x_wconf 70' lang='lat' dir='ltr'>profanum</span> <span class='ocrx_word' id='word_1_203' title='bbox 773 1693 829 1726; x_wconf 71' lang='lat' dir='ltr'>est,</span> <span class='ocrx_word' id='word_1_204' title='bbox 853 1688 857 1730; x_wconf 52' lang='grc' dir='ltr'><strong>ᾗ</strong></span> <span class='ocrx_word' id='word_1_205' title='bbox 879 1688 969 1729; x_wconf 76' lang='lat' dir='ltr'>quod</span> <span class='ocrx_word' id='word_1_206' title='bbox 985 1687 1098 1728; x_wconf 74' lang='lat' dir='ltr'>fuerit</span> <span class='ocrx_word' id='word_1_207' title='bbox 1122 1687 1278 1728; x_wconf 67' lang='lat' dir='ltr'>uulyasse</span> <span class='ocrx_word' id='word_1_208' title='bbox 1301 1687 1422 1727; x_wconf 74' lang='lat' dir='ltr'>nefas!</span> <span class='ocrx_word' id='word_1_209' title='bbox 1445 1686 1511 1726; x_wconf 76' lang='lat' dir='ltr'>(ita</span> <span class='ocrx_word' id='word_1_210' title='bbox 1534 1687 1624 1718; x_wconf 87' lang='lat' dir='ltr'>enim</span> <span class='ocrx_word' id='word_1_211' title='bbox 1649 1686 1734 1719; x_wconf 85' lang='lat' dir='ltr'>haec</span> 
     </span>
     <span class='ocr_line' id='line_1_24' title="bbox 194 1738 1734 1782; baseline 0 -11"><span class='ocrx_word' id='word_1_212' title='bbox 194 1739 445 1782; x_wconf 71' lang='lat' dir='ltr'>distinguenda</span> <span class='ocrx_word' id='word_1_213' title='bbox 469 1741 576 1779; x_wconf 74' lang='lat' dir='ltr'>sunt).</span> <span class='ocrx_word' id='word_1_214' title='bbox 626 1750 678 1779; x_wconf 86' lang='lat' dir='ltr'>ea,</span> <span class='ocrx_word' id='word_1_215' title='bbox 697 1750 786 1781; x_wconf 87' lang='lat' dir='ltr'>quae</span> <span class='ocrx_word' id='word_1_216' title='bbox 810 1750 910 1771; x_wconf 85' lang='lat' dir='ltr'>nosse</span> <span class='ocrx_word' id='word_1_217' title='bbox 933 1739 1037 1771; x_wconf 85' lang='lat' dir='ltr'>nimis</span> <span class='ocrx_word' id='word_1_218' title='bbox 1062 1742 1128 1778; x_wconf 81' lang='lat' dir='ltr'>est,</span> <span class='ocrx_word' id='word_1_219' title='bbox 1150 1742 1333 1781; x_wconf 75' lang='lat' dir='ltr'>quantum,</span> <span class='ocrx_word' id='word_1_220' title='bbox 1355 1748 1494 1780; x_wconf 82' lang='lat' dir='ltr'>quaeso,</span> <span class='ocrx_word' id='word_1_221' title='bbox 1516 1738 1632 1770; x_wconf 87' lang='lat' dir='ltr'>dicere</span> <span class='ocrx_word' id='word_1_222' title='bbox 1656 1741 1734 1771; x_wconf 78' lang='lat' dir='ltr'>est?</span> 
     </span>
     <span class='ocr_line' id='line_1_25' title="bbox 191 1789 1735 1834; baseline -0.001 -11"><span class='ocrx_word' id='word_1_223' title='bbox 191 1795 365 1834; x_wconf 81' lang='lat' dir='ltr'>quantum</span> <span class='ocrx_word' id='word_1_224' title='bbox 401 1791 544 1833; x_wconf 86' lang='lat' dir='ltr'>proprio</span> <span class='ocrx_word' id='word_1_225' title='bbox 578 1802 618 1823; x_wconf 88' lang='lat' dir='ltr'>ea</span> <span class='ocrx_word' id='word_1_226' title='bbox 654 1791 807 1822; x_wconf 86' lang='lat' dir='ltr'>carmine</span> <span class='ocrx_word' id='word_1_227' title='bbox 845 1791 983 1823; x_wconf 86' lang='lat' dir='ltr'>dicere?</span> <span class='ocrx_word' id='word_1_228' title='bbox 1029 1795 1199 1832; x_wconf 81' lang='lat' dir='ltr'>quantum</span> <span class='ocrx_word' id='word_1_229' title='bbox 1237 1790 1342 1822; x_wconf 80' lang='lat' dir='ltr'>certis</span> <span class='ocrx_word' id='word_1_230' title='bbox 1379 1789 1529 1831; x_wconf 85' lang='lat' dir='ltr'>pedibus</span> <span class='ocrx_word' id='word_1_231' title='bbox 1567 1789 1735 1832; x_wconf 80' lang='lat' dir='ltr'>iungere?</span> 
     </span>
     <span class='ocr_line' id='line_1_26' title="bbox 194 1841 1735 1886; baseline -0.001 -11"><span class='ocrx_word' id='word_1_232' title='bbox 194 1844 345 1886; x_wconf 88' lang='lat' dir='ltr'>primum</span> <span class='ocrx_word' id='word_1_233' title='bbox 372 1843 456 1884; x_wconf 78' lang='lat' dir='ltr'>quid</span> <span class='ocrx_word' id='word_1_234' title='bbox 480 1843 726 1874; x_wconf 80' lang='lat' dir='ltr'>tantummodo</span> <span class='ocrx_word' id='word_1_235' title='bbox 749 1846 938 1884; x_wconf 76' lang='lat' dir='ltr'>praeparat</span> <span class='ocrx_word' id='word_1_236' title='bbox 960 1842 1279 1884; x_wconf 80' lang='lat' dir='ltr'>interrogationem,</span> <span class='ocrx_word' id='word_1_237' title='bbox 1300 1845 1341 1873; x_wconf 76' lang='lat' dir='ltr'>ut</span> <span class='ocrx_word' id='word_1_238' title='bbox 1360 1841 1430 1873; x_wconf 88' lang='lat' dir='ltr'>Cic.</span> <span class='ocrx_word' id='word_1_239' title='bbox 1451 1851 1514 1883; x_wconf 90' lang='lat' dir='ltr'>pro</span> <span class='ocrx_word' id='word_1_240' title='bbox 1532 1841 1672 1880; x_wconf 75' lang='lat' dir='ltr'>Quinct.</span> <span class='ocrx_word' id='word_1_241' title='bbox 1693 1843 1735 1874; x_wconf 89' lang='lat'>58</span> 
     </span>
     <span class='ocr_line' id='line_1_27' title="bbox 190 1892 1734 1936; baseline 0 -10"><span class='ocrx_word' id='word_1_242' title='bbox 190 1895 285 1934; x_wconf 77' lang='lat' dir='ltr'>quid,</span> <span class='ocrx_word' id='word_1_243' title='bbox 305 1895 364 1926; x_wconf 77' lang='lat' dir='ltr'>hoc</span> <span class='ocrx_word' id='word_1_244' title='bbox 381 1894 532 1926; x_wconf 76' lang='lat' dir='ltr'>inueniri</span> <span class='ocrx_word' id='word_1_245' title='bbox 550 1894 610 1935; x_wconf 77' lang='lat' dir='ltr'>qui</span> <span class='ocrx_word' id='word_1_246' title='bbox 620 1899 730 1935; x_wconf 73' lang='lat' dir='ltr'>potest</span> <span class='ocrx_word' id='word_1_247' title='bbox 742 1895 773 1933; x_wconf 79' lang='lat'>?‚</span> <span class='ocrx_word' id='word_1_248' title='bbox 793 1894 927 1936; x_wconf 85' lang='lat' dir='ltr'>reliqua</span> <span class='ocrx_word' id='word_1_249' title='bbox 941 1894 1011 1926; x_wconf 84' lang='lat' dir='ltr'>duo</span> <span class='ocrx_word' id='word_1_250' title='bbox 1028 1905 1096 1925; x_wconf 90' lang='lat' dir='ltr'>non</span> <span class='ocrx_word' id='word_1_251' title='bbox 1113 1893 1279 1925; x_wconf 75' lang='lat' dir='ltr'>differunt</span> <span class='ocrx_word' id='word_1_252' title='bbox 1295 1904 1314 1924; x_wconf 87' lang='lat' dir='ltr'>a</span> <span class='ocrx_word' id='word_1_253' title='bbox 1331 1897 1508 1932; x_wconf 70' lang='lat' dir='ltr'>quantum,</span> <span class='ocrx_word' id='word_1_254' title='bbox 1523 1892 1605 1924; x_wconf 87' lang='lat' dir='ltr'>uide</span> <span class='ocrx_word' id='word_1_255' title='bbox 1618 1901 1657 1924; x_wconf 83' lang='lat' dir='ltr'>1v</span> <span class='ocrx_word' id='word_1_256' title='bbox 1669 1893 1734 1926; x_wconf 88' lang='grc'>406</span> 
     </span>
     <span class='ocr_line' id='line_1_28' title="bbox 193 1944 1730 1988; baseline -0.001 -10"><span class='ocrx_word' id='word_1_257' title='bbox 193 1947 278 1988; x_wconf 76' lang='lat' dir='ltr'>quid</span> <span class='ocrx_word' id='word_1_258' title='bbox 302 1946 392 1978; x_wconf 85' lang='lat' dir='ltr'>caelo</span> <span class='ocrx_word' id='word_1_259' title='bbox 415 1946 600 1977; x_wconf 63' lang='lat' dir='ltr'>(labimur-s?</span> <span class='ocrx_word' id='word_1_260' title='bbox 623 1951 788 1986; x_wconf 69' lang='lat' dir='ltr'>quamum</span> <span class='ocrx_word' id='word_1_261' title='bbox 813 1951 869 1984; x_wconf 64' lang='lat' dir='ltr'>est,</span> <span class='ocrx_word' id='word_1_262' title='bbox 894 1956 958 1987; x_wconf 81' lang='lat' dir='ltr'>quo</span> <span class='ocrx_word' id='word_1_263' title='bbox 979 1950 1096 1977; x_wconf 73' lang='lat' dir='ltr'>veneat</span> <span class='ocrx_word' id='word_1_264' title='bbox 1121 1945 1242 1977; x_wconf 73' lang='lat' dir='ltr'>omne?</span> <span class='ocrx_word' id='word_1_265' title='bbox 1329 1944 1369 1975; x_wconf 90' lang='lat'>35</span> <span class='ocrx_word' id='word_1_266' title='bbox 1388 1947 1474 1982; x_wconf 80' lang='lat' dir='ltr'>quid</span> <span class='ocrx_word' id='word_1_267' title='bbox 1494 1945 1668 1986; x_wconf 79' lang='lat' dir='ltr'>posterius</span> <span class='ocrx_word' id='word_1_268' title='bbox 1685 1947 1730 1984; x_wconf 79' lang='lat' dir='ltr'>M,</span> 
     </span>
     <span class='ocr_line' id='line_1_29' title="bbox 187 1995 1733 2037; baseline -0.002 -7"><span class='ocrx_word' id='word_1_269' title='bbox 187 2001 281 2036; x_wconf 82' lang='lat' dir='ltr'>quod</span> <span class='ocrx_word' id='word_1_270' title='bbox 311 2001 360 2029; x_wconf 85' lang='lat' dir='ltr'>GL</span> <span class='ocrx_word' id='word_1_271' title='bbox 459 2000 565 2030; x_wconf 74' lang='lat' dir='ltr'>certis</span> <span class='ocrx_word' id='word_1_272' title='bbox 596 1997 670 2037; x_wconf 57' lang='grc' dir='ltr'>αἰξὶ,</span> <span class='ocrx_word' id='word_1_273' title='bbox 704 2000 793 2030; x_wconf 79' lang='lat' dir='ltr'>certi</span> <span class='ocrx_word' id='word_1_274' title='bbox 822 2001 880 2029; x_wconf 83' lang='lat' dir='ltr'>LM</span> <span class='ocrx_word' id='word_1_275' title='bbox 977 1997 1128 2029; x_wconf 78' lang='lat' dir='ltr'>carmine</span> <span class='ocrx_word' id='word_1_276' title='bbox 1159 1997 1193 2028; x_wconf 89' lang='lat' dir='ltr'>in</span> <span class='ocrx_word' id='word_1_277' title='bbox 1225 1996 1344 2028; x_wconf 79' lang='lat' dir='ltr'>ordine</span> <span class='ocrx_word' id='word_1_278' title='bbox 1371 1996 1524 2027; x_wconf 74' lang='lat' dir='ltr'>mutauit.</span> <span class='ocrx_word' id='word_1_279' title='bbox 1550 1995 1733 2028; x_wconf 77' lang='lat' dir='ltr'>Bentleius</span> 
     </span>
     <span class='ocr_line' id='line_1_30' title="bbox 188 2047 1734 2090; baseline -0.001 -9"><span class='ocrx_word' id='word_1_280' title='bbox 188 2049 317 2081; x_wconf 76' lang='lat' dir='ltr'>collato</span> <span class='ocrx_word' id='word_1_281' title='bbox 334 2058 362 2080; x_wconf 90' lang='lat'>11</span> <span class='ocrx_word' id='word_1_282' title='bbox 380 2050 444 2083; x_wconf 83' lang='lat'>750</span> <span class='ocrx_word' id='word_1_283' title='bbox 457 2049 600 2089; x_wconf 75' lang='lat' dir='ltr'>proprio</span> <span class='ocrx_word' id='word_1_284' title='bbox 618 2054 738 2081; x_wconf 73' lang='lat' dir='ltr'>cuncta</span> <span class='ocrx_word' id='word_1_285' title='bbox 754 2049 872 2081; x_wconf 72' lang='lat' dir='ltr'>ordine</span> <span class='ocrx_word' id='word_1_286' title='bbox 889 2049 1046 2088; x_wconf 77' lang='lat' dir='ltr'>reddam,</span> <span class='ocrx_word' id='word_1_287' title='bbox 1065 2048 1158 2090; x_wconf 87' lang='lat' dir='ltr'>quod</span> <span class='ocrx_word' id='word_1_288' title='bbox 1180 2059 1250 2079; x_wconf 90' lang='lat' dir='ltr'>non</span> <span class='ocrx_word' id='word_1_289' title='bbox 1267 2050 1362 2079; x_wconf 76' lang='lat' dir='ltr'>recte</span> <span class='ocrx_word' id='word_1_290' title='bbox 1379 2058 1456 2079; x_wconf 88' lang='lat' dir='ltr'>eum</span> <span class='ocrx_word' id='word_1_291' title='bbox 1475 2047 1597 2079; x_wconf 82' lang='lat' dir='ltr'>fecisse</span> <span class='ocrx_word' id='word_1_292' title='bbox 1613 2050 1734 2090; x_wconf 80' lang='lat' dir='ltr'>patere</span> 
     </span>
     <span class='ocr_line' id='line_1_31' title="bbox 191 2099 1733 2143; baseline 0 -11"><span class='ocrx_word' id='word_1_293' title='bbox 191 2105 279 2143; x_wconf 89' lang='lat' dir='ltr'>puto</span> <span class='ocrx_word' id='word_1_294' title='bbox 308 2111 350 2132; x_wconf 82' lang='lat' dir='ltr'>ex</span> <span class='ocrx_word' id='word_1_295' title='bbox 379 2101 484 2132; x_wconf 82' lang='lat' dir='ltr'>simili</span> <span class='ocrx_word' id='word_1_296' title='bbox 514 2101 590 2132; x_wconf 84' lang='lat' dir='ltr'>loco</span> <span class='ocrx_word' id='word_1_297' title='bbox 621 2110 661 2132; x_wconf 88' lang='lat' dir='ltr'>IV</span> <span class='ocrx_word' id='word_1_298' title='bbox 691 2101 798 2133; x_wconf 74' lang='lat'>430-3</span> <span class='ocrx_word' id='word_1_299' title='bbox 826 2101 888 2132; x_wconf 85' lang='lat' dir='ltr'>hae</span> <span class='ocrx_word' id='word_1_300' title='bbox 919 2100 1006 2132; x_wconf 74' lang='lat' dir='ltr'>mihi</span> <span class='ocrx_word' id='word_1_301' title='bbox 1035 2100 1224 2140; x_wconf 68' lang='lat' dir='ltr'>siyozawzdae</span> <span class='ocrx_word' id='word_1_302' title='bbox 1252 2099 1423 2140; x_wconf 77' lang='lat' dir='ltr'>proprio</span> <span class='ocrx_word' id='word_1_303' title='bbox 1449 2105 1526 2130; x_wconf 67' lang='lat' dir='ltr'>sunt</span> <span class='ocrx_word' id='word_1_304' title='bbox 1556 2101 1733 2132; x_wconf 80' lang='lat' dir='ltr'>carmine</span> 
     </span>
     <span class='ocr_line' id='line_1_32' title="bbox 185 2150 1728 2194; baseline -0.001 -10"><span class='ocrx_word' id='word_1_305' title='bbox 185 2158 313 2194; x_wconf 78' lang='lat' dir='ltr'>partes.</span> <span class='ocrx_word' id='word_1_306' title='bbox 338 2153 342 2193; x_wconf 88' lang='grc'>1</span> <span class='ocrx_word' id='word_1_307' title='bbox 363 2153 421 2184; x_wconf 74' lang='lat' dir='ltr'>sed</span> <span class='ocrx_word' id='word_1_308' title='bbox 444 2152 520 2193; x_wconf 77' lang='lat' dir='ltr'>quis</span> <span class='ocrx_word' id='word_1_309' title='bbox 541 2156 587 2184; x_wconf 79' lang='lat' dir='ltr'>tot</span> <span class='ocrx_word' id='word_1_310' title='bbox 609 2163 765 2184; x_wconf 70' lang='lat' dir='ltr'>numeros</span> <span class='ocrx_word' id='word_1_311' title='bbox 782 2152 901 2184; x_wconf 73' lang='lat' dir='ltr'>totiens</span> <span class='ocrx_word' id='word_1_312' title='bbox 920 2152 979 2184; x_wconf 78' lang='lat' dir='ltr'>sub</span> <span class='ocrx_word' id='word_1_313' title='bbox 1000 2152 1068 2192; x_wconf 67' lang='lat' dir='ltr'>lesse</span> <span class='ocrx_word' id='word_1_314' title='bbox 1088 2154 1227 2191; x_wconf 77' lang='lat' dir='ltr'>referre,</span> <span class='ocrx_word' id='word_1_315' title='bbox 1250 2151 1255 2192; x_wconf 79' lang='grc'>1</span> <span class='ocrx_word' id='word_1_316' title='bbox 1276 2156 1322 2182; x_wconf 69' lang='lat' dir='ltr'>tot</span> <span class='ocrx_word' id='word_1_317' title='bbox 1341 2156 1460 2191; x_wconf 76' lang='lat' dir='ltr'>partes</span> <span class='ocrx_word' id='word_1_318' title='bbox 1475 2150 1601 2182; x_wconf 77' lang='lat' dir='ltr'>iterare</span> <span class='ocrx_word' id='word_1_319' title='bbox 1617 2156 1728 2192; x_wconf 70' lang='lat' dir='ltr'>queat,</span> 
     </span>
     <span class='ocr_line' id='line_1_33' title="bbox 189 2202 1734 2245; baseline -0.002 -8"><span class='ocrx_word' id='word_1_320' title='bbox 189 2209 235 2237; x_wconf 74' lang='lat' dir='ltr'>tot</span> <span class='ocrx_word' id='word_1_321' title='bbox 265 2204 375 2236; x_wconf 75' lang='lat' dir='ltr'>dicere</span> <span class='ocrx_word' id='word_1_322' title='bbox 406 2214 568 2242; x_wconf 71' lang='lat' dir='ltr'>summas,</span> <span class='ocrx_word' id='word_1_323' title='bbox 592 2203 742 2245; x_wconf 73' lang='lat' dir='ltr'>lperque</span> <span class='ocrx_word' id='word_1_324' title='bbox 771 2204 871 2245; x_wconf 73' lang='lat' dir='ltr'>paris</span> <span class='ocrx_word' id='word_1_325' title='bbox 902 2214 1024 2235; x_wconf 63' lang='grc' dir='ltr'>(ἀτιεαδ</span> <span class='ocrx_word' id='word_1_326' title='bbox 1045 2202 1178 2244; x_wconf 81' lang='lat' dir='ltr'>faciem</span> <span class='ocrx_word' id='word_1_327' title='bbox 1207 2206 1342 2234; x_wconf 76' lang='lat' dir='ltr'>mutare</span> <span class='ocrx_word' id='word_1_328' title='bbox 1373 2202 1572 2243; x_wconf 48' lang='lat' dir='ltr'>loqueram.</span> <span class='ocrx_word' id='word_1_329' title='bbox 1621 2212 1734 2244; x_wconf 83' lang='lat' dir='ltr'>neque</span> 
     </span>
     <span class='ocr_line' id='line_1_34' title="bbox 193 2253 1734 2297; baseline -0.001 -10"><span class='ocrx_word' id='word_1_330' title='bbox 193 2256 285 2287; x_wconf 87' lang='lat' dir='ltr'>enim</span> <span class='ocrx_word' id='word_1_331' title='bbox 303 2255 355 2287; x_wconf 87' lang='lat' dir='ltr'>bis</span> <span class='ocrx_word' id='word_1_332' title='bbox 374 2255 466 2286; x_wconf 79' lang='lat' dir='ltr'>idem</span> <span class='ocrx_word' id='word_1_333' title='bbox 483 2255 571 2286; x_wconf 78' lang='lat' dir='ltr'>dicit</span> <span class='ocrx_word' id='word_1_334' title='bbox 593 2255 652 2297; x_wconf 90' lang='lat' dir='ltr'>qui</span> <span class='ocrx_word' id='word_1_335' title='bbox 674 2256 816 2297; x_wconf 88' lang='lat' dir='ltr'>proprio</span> <span class='ocrx_word' id='word_1_336' title='bbox 835 2256 981 2287; x_wconf 85' lang='lat' dir='ltr'>carmini</span> <span class='ocrx_word' id='word_1_337' title='bbox 1001 2258 1115 2286; x_wconf 87' lang='lat' dir='ltr'>certos</span> <span class='ocrx_word' id='word_1_338' title='bbox 1134 2254 1241 2296; x_wconf 86' lang='lat' dir='ltr'>pedes</span> <span class='ocrx_word' id='word_1_339' title='bbox 1262 2253 1454 2295; x_wconf 76' lang='lat' dir='ltr'>subiungit,</span> <span class='ocrx_word' id='word_1_340' title='bbox 1473 2264 1552 2285; x_wconf 86' lang='lat' dir='ltr'>cum</span> <span class='ocrx_word' id='word_1_341' title='bbox 1576 2253 1664 2285; x_wconf 89' lang='lat' dir='ltr'>illud</span> <span class='ocrx_word' id='word_1_342' title='bbox 1689 2253 1734 2286; x_wconf 82' lang='lat' dir='ltr'>ad</span> 
     </span>
     <span class='ocr_line' id='line_1_35' title="bbox 192 2305 1734 2349; baseline -0.001 -10"><span class='ocrx_word' id='word_1_343' title='bbox 192 2307 361 2339; x_wconf 79' lang='lat' dir='ltr'>orationis</span> <span class='ocrx_word' id='word_1_344' title='bbox 377 2307 597 2349; x_wconf 74' lang='lat' dir='ltr'>potissimum</span> <span class='ocrx_word' id='word_1_345' title='bbox 615 2307 868 2348; x_wconf 81' lang='lat' dir='ltr'>proprietatem</span> <span class='ocrx_word' id='word_1_346' title='bbox 889 2310 1025 2348; x_wconf 69' lang='lat' dir='ltr'>spectet,</span> <span class='ocrx_word' id='word_1_347' title='bbox 1113 2306 1154 2336; x_wconf 89' lang='grc'>36</span> <span class='ocrx_word' id='word_1_348' title='bbox 1170 2315 1189 2338; x_wconf 95' lang='grc' dir='ltr'>ο</span> <span class='ocrx_word' id='word_1_349' title='bbox 1205 2316 1271 2337; x_wconf 87' lang='lat' dir='ltr'>om.</span> <span class='ocrx_word' id='word_1_350' title='bbox 1292 2308 1336 2337; x_wconf 83' lang='lat' dir='ltr'>M.</span> <span class='ocrx_word' id='word_1_351' title='bbox 1429 2305 1469 2335; x_wconf 88' lang='grc'>38</span> <span class='ocrx_word' id='word_1_352' title='bbox 1490 2308 1647 2337; x_wconf 86' lang='lat' dir='ltr'>animum</span> <span class='ocrx_word' id='word_1_353' title='bbox 1662 2308 1734 2345; x_wconf 78' lang='lat' dir='ltr'>Lm,</span> 
     </span>
     <span class='ocr_line' id='line_1_36' title="bbox 190 2355 1734 2400; baseline -0.001 -10"><span class='ocrx_word' id='word_1_354' title='bbox 190 2361 327 2391; x_wconf 83' lang='lat' dir='ltr'>animos</span> <span class='ocrx_word' id='word_1_355' title='bbox 355 2361 391 2397; x_wconf 83' lang='lat' dir='ltr'>G,</span> <span class='ocrx_word' id='word_1_356' title='bbox 422 2358 513 2400; x_wconf 88' lang='lat' dir='ltr'>quod</span> <span class='ocrx_word' id='word_1_357' title='bbox 542 2359 702 2399; x_wconf 79' lang='lat' dir='ltr'>quamuis</span> <span class='ocrx_word' id='word_1_358' title='bbox 729 2358 938 2390; x_wconf 83' lang='lat' dir='ltr'>inusitatum</span> <span class='ocrx_word' id='word_1_359' title='bbox 970 2357 1112 2389; x_wconf 84' lang='lat' dir='ltr'>defendi</span> <span class='ocrx_word' id='word_1_360' title='bbox 1142 2367 1242 2399; x_wconf 83' lang='lat' dir='ltr'>posse</span> <span class='ocrx_word' id='word_1_361' title='bbox 1272 2356 1466 2388; x_wconf 72' lang='lat' dir='ltr'>ostendunt</span> <span class='ocrx_word' id='word_1_362' title='bbox 1492 2355 1582 2388; x_wconf 89' lang='lat' dir='ltr'>Non.</span> <span class='ocrx_word' id='word_1_363' title='bbox 1610 2367 1643 2398; x_wconf 91' lang='lat' dir='ltr'>p.</span> <span class='ocrx_word' id='word_1_364' title='bbox 1670 2357 1734 2389; x_wconf 78' lang='lat'>238</span> 
     </span>
     <span class='ocr_line' id='line_1_37' title="bbox 193 2407 1735 2451; baseline -0.001 -9"><span class='ocrx_word' id='word_1_365' title='bbox 193 2410 349 2442; x_wconf 77' lang='lat' dir='ltr'>Lucilius</span> <span class='ocrx_word' id='word_1_366' title='bbox 364 2409 419 2442; x_wconf 68' lang='lat' dir='ltr'>lib.</span> <span class='ocrx_word' id='word_1_367' title='bbox 440 2418 544 2441; x_wconf 79' lang='lat' dir='ltr'><em>XXIX</em></span> <span class='ocrx_word' id='word_1_368' title='bbox 560 2415 741 2451; x_wconf 76' lang='lat' dir='ltr'>praelerea</span> <span class='ocrx_word' id='word_1_369' title='bbox 763 2414 798 2441; x_wconf 77' lang='lat' dir='ltr'>ut</span> <span class='ocrx_word' id='word_1_370' title='bbox 821 2409 943 2441; x_wconf 71' lang='lat' dir='ltr'>nostris</span> <span class='ocrx_word' id='word_1_371' title='bbox 961 2409 1093 2440; x_wconf 75' lang='lat' dir='ltr'>animos</span> <span class='ocrx_word' id='word_1_372' title='bbox 1114 2409 1296 2440; x_wconf 72' lang='lat' dir='ltr'>adtendere</span> <span class='ocrx_word' id='word_1_373' title='bbox 1314 2408 1415 2440; x_wconf 80' lang='lat' dir='ltr'>dictis</span> <span class='ocrx_word' id='word_1_374' title='bbox 1434 2407 1438 2449; x_wconf 91' lang='grc' dir='ltr'>Ι</span> <span class='ocrx_word' id='word_1_375' title='bbox 1459 2412 1560 2449; x_wconf 79' lang='lat' dir='ltr'>atque</span> <span class='ocrx_word' id='word_1_376' title='bbox 1575 2408 1735 2440; x_wconf 74' lang='lat' dir='ltr'>adhibere</span> 
     </span>
     <span class='ocr_line' id='line_1_38' title="bbox 192 2459 1733 2499; baseline -0.001 -6"><span class='ocrx_word' id='word_1_377' title='bbox 192 2461 276 2493; x_wconf 75' lang='lat' dir='ltr'>uelis</span> <span class='ocrx_word' id='word_1_378' title='bbox 292 2465 328 2493; x_wconf 82' lang='lat' dir='ltr'>et</span> <span class='ocrx_word' id='word_1_379' title='bbox 345 2461 447 2493; x_wconf 92' lang='lat' dir='ltr'>Ouid.</span> <span class='ocrx_word' id='word_1_380' title='bbox 468 2463 549 2493; x_wconf 75' lang='lat' dir='ltr'>met.</span> <span class='ocrx_word' id='word_1_381' title='bbox 571 2470 600 2492; x_wconf 93' lang='lat'>11</span> <span class='ocrx_word' id='word_1_382' title='bbox 620 2462 661 2493; x_wconf 89' lang='grc'>39</span> <span class='ocrx_word' id='word_1_383' title='bbox 678 2462 765 2493; x_wconf 71' lang='lat' dir='ltr'>huwe</span> <span class='ocrx_word' id='word_1_384' title='bbox 785 2460 912 2492; x_wconf 72' lang='lat' dir='ltr'>animis</span> <span class='ocrx_word' id='word_1_385' title='bbox 933 2471 1081 2492; x_wconf 78' lang='lat' dir='ltr'>errorem</span> <span class='ocrx_word' id='word_1_386' title='bbox 1102 2459 1240 2492; x_wconf 75' lang='lat' dir='ltr'>detrahe</span> <span class='ocrx_word' id='word_1_387' title='bbox 1262 2460 1386 2491; x_wconf 71' lang='lat' dir='ltr'>nostris</span> <span class='ocrx_word' id='word_1_388' title='bbox 1403 2460 1452 2498; x_wconf 92' lang='lat' dir='ltr'>(id</span> <span class='ocrx_word' id='word_1_389' title='bbox 1473 2463 1527 2490; x_wconf 76' lang='lat' dir='ltr'>est</span> <span class='ocrx_word' id='word_1_390' title='bbox 1541 2459 1647 2499; x_wconf 75' lang='lat' dir='ltr'>meis).</span> <span class='ocrx_word' id='word_1_391' title='bbox 1697 2460 1733 2492; x_wconf 86' lang='lat' dir='ltr'>in</span> 
     </span>
     <span class='ocr_line' id='line_1_39' title="bbox 193 2511 1732 2554; baseline -0.001 -10"><span class='ocrx_word' id='word_1_392' title='bbox 193 2513 282 2545; x_wconf 72' lang='lat' dir='ltr'>thes.</span> <span class='ocrx_word' id='word_1_393' title='bbox 303 2513 386 2554; x_wconf 86' lang='lat' dir='ltr'>ling.</span> <span class='ocrx_word' id='word_1_394' title='bbox 408 2512 484 2544; x_wconf 76' lang='lat' dir='ltr'>Lat.</span> <span class='ocrx_word' id='word_1_395' title='bbox 506 2521 535 2543; x_wconf 90' lang='lat'>11</span> <span class='ocrx_word' id='word_1_396' title='bbox 559 2523 616 2554; x_wconf 91' lang='lat' dir='ltr'>pp.</span> <span class='ocrx_word' id='word_1_397' title='bbox 641 2514 781 2551; x_wconf 84' lang='lat'>89-105,</span> <span class='ocrx_word' id='word_1_398' title='bbox 804 2512 864 2544; x_wconf 89' lang='lat' dir='ltr'>ubi</span> <span class='ocrx_word' id='word_1_399' title='bbox 883 2512 1046 2544; x_wconf 87' lang='lat' dir='ltr'>Klotzius</span> <span class='ocrx_word' id='word_1_400' title='bbox 1067 2512 1239 2554; x_wconf 84' lang='lat' dir='ltr'>pluralem</span> <span class='ocrx_word' id='word_1_401' title='bbox 1262 2521 1282 2542; x_wconf 87' lang='lat' dir='ltr'>a</span> <span class='ocrx_word' id='word_1_402' title='bbox 1305 2511 1475 2553; x_wconf 85' lang='lat' dir='ltr'>singulari</span> <span class='ocrx_word' id='word_1_403' title='bbox 1499 2511 1640 2542; x_wconf 87' lang='lat' dir='ltr'>omnino</span> <span class='ocrx_word' id='word_1_404' title='bbox 1663 2521 1732 2543; x_wconf 87' lang='lat' dir='ltr'>non</span> 
     </span>
     <span class='ocr_line' id='line_1_40' title="bbox 192 2561 1733 2604; baseline -0.001 -9"><span class='ocrx_word' id='word_1_405' title='bbox 192 2564 374 2602; x_wconf 82' lang='lat' dir='ltr'>discreuit,</span> <span class='ocrx_word' id='word_1_406' title='bbox 394 2563 513 2595; x_wconf 79' lang='lat' dir='ltr'>Ouidii</span> <span class='ocrx_word' id='word_1_407' title='bbox 530 2565 656 2601; x_wconf 90' lang='lat' dir='ltr'>locum,</span> <span class='ocrx_word' id='word_1_408' title='bbox 676 2564 768 2596; x_wconf 73' lang='lat' dir='ltr'>sicut</span> <span class='ocrx_word' id='word_1_409' title='bbox 789 2564 894 2595; x_wconf 75' lang='lat' dir='ltr'>etiam</span> <span class='ocrx_word' id='word_1_410' title='bbox 917 2563 1068 2601; x_wconf 86' lang='lat' dir='ltr'>Manilii,</span> <span class='ocrx_word' id='word_1_411' title='bbox 1089 2563 1221 2594; x_wconf 75' lang='lat' dir='ltr'>frustra</span> <span class='ocrx_word' id='word_1_412' title='bbox 1237 2562 1407 2604; x_wconf 83' lang='lat' dir='ltr'>quaesiui,</span> <span class='ocrx_word' id='word_1_413' title='bbox 1426 2562 1545 2593; x_wconf 89' lang='lat' dir='ltr'>inueni</span> <span class='ocrx_word' id='word_1_414' title='bbox 1563 2561 1733 2594; x_wconf 74' lang='lat' dir='ltr'>ficticium</span> 
     </span>
     <span class='ocr_line' id='line_1_41' title="bbox 192 2613 1734 2656; baseline -0.001 -8"><span class='ocrx_word' id='word_1_415' title='bbox 192 2615 380 2653; x_wconf 84' lang='lat' dir='ltr'>Ciceronis,</span> <span class='ocrx_word' id='word_1_416' title='bbox 409 2615 566 2654; x_wconf 82' lang='lat' dir='ltr'>‘Quinct.</span> <span class='ocrx_word' id='word_1_417' title='bbox 589 2617 629 2649; x_wconf 77' lang='lat'>47</span> <span class='ocrx_word' id='word_1_418' title='bbox 647 2615 690 2646; x_wconf 80' lang='lat' dir='ltr'>ad</span> <span class='ocrx_word' id='word_1_419' title='bbox 710 2621 745 2647; x_wconf 87' lang='lat' dir='ltr'>te</span> <span class='ocrx_word' id='word_1_420' title='bbox 765 2641 771 2647; x_wconf 92' lang='lat'>.</span> <span class='ocrx_word' id='word_1_421' title='bbox 790 2640 797 2647; x_wconf 89' lang='lat'>.</span> <span class='ocrx_word' id='word_1_422' title='bbox 820 2640 826 2647; x_wconf 92' lang='lat'>.</span> <span class='ocrx_word' id='word_1_423' title='bbox 848 2615 966 2646; x_wconf 87' lang='lat' dir='ltr'>oculos</span> <span class='ocrx_word' id='word_1_424' title='bbox 990 2615 1192 2656; x_wconf 81' lang='lat' dir='ltr'>animosque</span> <span class='ocrx_word' id='word_1_425' title='bbox 1217 2614 1372 2652; x_wconf 74' lang='lat' dir='ltr'>rettufi&#39;,</span> <span class='ocrx_word' id='word_1_426' title='bbox 1391 2613 1450 2645; x_wconf 91' lang='lat' dir='ltr'>ubi</span> <span class='ocrx_word' id='word_1_427' title='bbox 1473 2613 1556 2644; x_wconf 87' lang='lat' dir='ltr'>libri</span> <span class='ocrx_word' id='word_1_428' title='bbox 1578 2613 1734 2646; x_wconf 78' lang='lat' dir='ltr'>animum</span> 
     </span>
     <span class='ocr_line' id='line_1_42' title="bbox 273 2664 1732 2706; baseline 0 -9"><span class='ocrx_word' id='word_1_429' title='bbox 273 2666 316 2697; x_wconf 85' lang='lat'>40</span> <span class='ocrx_word' id='word_1_430' title='bbox 338 2670 539 2698; x_wconf 81' lang='lat' dir='ltr'>referentur</span> <span class='ocrx_word' id='word_1_431' title='bbox 559 2669 628 2706; x_wconf 87' lang='lat' dir='ltr'>LM,</span> <span class='ocrx_word' id='word_1_432' title='bbox 647 2670 852 2698; x_wconf 80' lang='lat' dir='ltr'>referuntur</span> <span class='ocrx_word' id='word_1_433' title='bbox 868 2670 893 2698; x_wconf 85' lang='lat' dir='ltr'><strong>G</strong></span> <span class='ocrx_word' id='word_1_434' title='bbox 980 2666 1023 2697; x_wconf 86' lang='lat'>42</span> <span class='ocrx_word' id='word_1_435' title='bbox 1043 2666 1203 2706; x_wconf 69' lang='lat' dir='ltr'>propria,</span> <span class='ocrx_word' id='word_1_436' title='bbox 1224 2675 1253 2697; x_wconf 94' lang='lat'>11</span> <span class='ocrx_word' id='word_1_437' title='bbox 1276 2666 1339 2697; x_wconf 79' lang='lat'>830</span> <span class='ocrx_word' id='word_1_438' title='bbox 1362 2675 1420 2696; x_wconf 68' lang='lat' dir='ltr'>orec</span> <span class='ocrx_word' id='word_1_439' title='bbox 1441 2664 1533 2705; x_wconf 76' lang='lat' dir='ltr'>capit</span> <span class='ocrx_word' id='word_1_440' title='bbox 1557 2668 1732 2697; x_wconf 65' lang='lat' dir='ltr'>externum</span> 
     </span>
     <span class='ocr_line' id='line_1_43' title="bbox 186 2715 1730 2759; baseline -0.001 -10"><span class='ocrx_word' id='word_1_441' title='bbox 186 2717 332 2759; x_wconf 74' lang='lat' dir='ltr'>proprio</span> <span class='ocrx_word' id='word_1_442' title='bbox 356 2717 438 2758; x_wconf 78' lang='lat' dir='ltr'>quia</span> <span class='ocrx_word' id='word_1_443' title='bbox 462 2717 594 2749; x_wconf 74' lang='lat' dir='ltr'>nomine</span> <span class='ocrx_word' id='word_1_444' title='bbox 618 2718 743 2758; x_wconf 61' lang='lat' dir='ltr'>{laudet</span> <span class='ocrx_word' id='word_1_445' title='bbox 769 2717 1020 2758; x_wconf 82' lang='lat' dir='ltr'>(horoscopus),</span> <span class='ocrx_word' id='word_1_446' title='bbox 1044 2717 1104 2748; x_wconf 87' lang='lat' dir='ltr'>ubi</span> <span class='ocrx_word' id='word_1_447' title='bbox 1128 2722 1299 2748; x_wconf 68' lang='lat' dir='ltr'>exter-mem</span> <span class='ocrx_word' id='word_1_448' title='bbox 1324 2727 1388 2758; x_wconf 90' lang='lat' dir='ltr'>pro</span> <span class='ocrx_word' id='word_1_449' title='bbox 1411 2715 1539 2748; x_wconf 77' lang='lat' dir='ltr'>Latino</span> <span class='ocrx_word' id='word_1_450' title='bbox 1562 2718 1626 2754; x_wconf 74' lang='lat' dir='ltr'>est,</span> <span class='ocrx_word' id='word_1_451' title='bbox 1652 2726 1730 2748; x_wconf 89' lang='lat' dir='ltr'>cum</span> 
     </span>
     <span class='ocr_line' id='line_1_44' title="bbox 189 2767 1732 2810; baseline -0.002 -9"><span class='ocrx_word' id='word_1_452' title='bbox 189 2774 329 2801; x_wconf 74' lang='lat' dir='ltr'>externa</span> <span class='ocrx_word' id='word_1_453' title='bbox 346 2769 463 2809; x_wconf 65' lang='lat' dir='ltr'>linqua</span> <span class='ocrx_word' id='word_1_454' title='bbox 482 2777 526 2800; x_wconf 91' lang='lat'>111</span> <span class='ocrx_word' id='word_1_455' title='bbox 543 2769 586 2800; x_wconf 82' lang='lat'>40</span> <span class='ocrx_word' id='word_1_456' title='bbox 601 2769 736 2800; x_wconf 78' lang='lat' dir='ltr'>Graeca</span> <span class='ocrx_word' id='word_1_457' title='bbox 751 2769 797 2800; x_wconf 83' lang='lat' dir='ltr'>sit</span> <span class='ocrx_word' id='word_1_458' title='bbox 885 2768 1013 2799; x_wconf 83' lang='lat'>43-159</span> <span class='ocrx_word' id='word_1_459' title='bbox 1030 2768 1217 2810; x_wconf 78' lang='lat' dir='ltr'>exponitur</span> <span class='ocrx_word' id='word_1_460' title='bbox 1234 2767 1276 2799; x_wconf 80' lang='lat' dir='ltr'>(le</span> <span class='ocrx_word' id='word_1_461' title='bbox 1293 2767 1476 2799; x_wconf 86' lang='lat' dir='ltr'>duodecim</span> <span class='ocrx_word' id='word_1_462' title='bbox 1493 2767 1639 2798; x_wconf 81' lang='lat' dir='ltr'>sortium</span> <span class='ocrx_word' id='word_1_463' title='bbox 1658 2767 1732 2799; x_wconf 84' lang='lat' dir='ltr'>siue</span> 
     </span>
     <span class='ocr_line' id='line_1_45' title="bbox 185 2817 1729 2862; baseline -0.001 -10"><span class='ocrx_word' id='word_1_464' title='bbox 185 2820 361 2853; x_wconf 79' lang='lat' dir='ltr'>athlorum</span> <span class='ocrx_word' id='word_1_465' title='bbox 389 2819 484 2859; x_wconf 90' lang='lat' dir='ltr'>orbe,</span> <span class='ocrx_word' id='word_1_466' title='bbox 509 2821 570 2861; x_wconf 88' lang='lat' dir='ltr'>qui</span> <span class='ocrx_word' id='word_1_467' title='bbox 596 2821 780 2861; x_wconf 71' lang='lat' dir='ltr'>geniturae</span> <span class='ocrx_word' id='word_1_468' title='bbox 806 2823 963 2862; x_wconf 74' lang='lat' dir='ltr'>ternpore</span> <span class='ocrx_word' id='word_1_469' title='bbox 986 2819 1029 2851; x_wconf 85' lang='lat' dir='ltr'>ad</span> <span class='ocrx_word' id='word_1_470' title='bbox 1054 2819 1234 2851; x_wconf 84' lang='lat' dir='ltr'>zodiacum</span> <span class='ocrx_word' id='word_1_471' title='bbox 1258 2818 1490 2860; x_wconf 79' lang='lat' dir='ltr'>applicandus</span> <span class='ocrx_word' id='word_1_472' title='bbox 1512 2818 1569 2850; x_wconf 80' lang='lat' dir='ltr'>sit.</span> <span class='ocrx_word' id='word_1_473' title='bbox 1619 2817 1662 2850; x_wconf 87' lang='lat' dir='ltr'>de</span> <span class='ocrx_word' id='word_1_474' title='bbox 1691 2829 1729 2851; x_wconf 85' lang='lat' dir='ltr'>re</span> 
     </span>
    </p>
   </div>
   <div class='ocr_carea' id='block_1_4' title="bbox 183 2872 1731 2917">
    <p class='ocr_par' dir='ltr' id='par_1_4' title="bbox 183 2872 1731 2917">
     <span class='ocr_line' id='line_1_46' title="bbox 183 2872 1731 2917; baseline -0.001 -11"><span class='ocrx_word' id='word_1_475' title='bbox 183 2875 258 2908; x_wconf 76' lang='lat' dir='ltr'>solo</span> <span class='ocrx_word' id='word_1_476' title='bbox 274 2874 423 2906; x_wconf 85' lang='lat' dir='ltr'>Manilio</span> <span class='ocrx_word' id='word_1_477' title='bbox 439 2878 582 2906; x_wconf 85' lang='lat' dir='ltr'>auctore</span> <span class='ocrx_word' id='word_1_478' title='bbox 599 2875 731 2906; x_wconf 77' lang='lat' dir='ltr'>tradita</span> <span class='ocrx_word' id='word_1_479' title='bbox 748 2874 929 2917; x_wconf 86' lang='lat' dir='ltr'>disputaui</span> <span class='ocrx_word' id='word_1_480' title='bbox 946 2875 981 2906; x_wconf 90' lang='lat' dir='ltr'>in</span> <span class='ocrx_word' id='word_1_481' title='bbox 998 2874 1217 2916; x_wconf 79' lang='lat' dir='ltr'>praefatione</span> <span class='ocrx_word' id='word_1_482' title='bbox 1302 2872 1344 2903; x_wconf 86' lang='lat'>43</span> <span class='ocrx_word' id='word_1_483' title='bbox 1358 2873 1513 2913; x_wconf 73' lang='lat' dir='ltr'>perspice</span> <span class='ocrx_word' id='word_1_484' title='bbox 1528 2883 1549 2904; x_wconf 79' lang='lat' dir='ltr'>a</span> <span class='ocrx_word' id='word_1_485' title='bbox 1566 2872 1731 2905; x_wconf 81' lang='lat' dir='ltr'>Muelleri</span> 
     </span>
    </p>
   </div>
  </div>
 </body>
</html>
