1877 3146
631 94 1111 139 ASTRONOMICON
1151 95 1226 137 III
1642 96 1698 134 55

210 215 282 246 545
337 207 441 249 haec
461 207 586 250 citius
605 212 812 263 peragant
830 206 987 249 orbem.
1046 205 1174 248 semel
1193 205 1336 248 omnia
1354 205 1410 247 ad
1429 210 1545 247 astra

336 281 439 323 hora
460 281 540 332 die,
563 281 627 323 bis
647 295 790 323 mense
809 281 898 323 dies
916 280 1049 331 uenit,
1070 294 1180 322 unus
1199 279 1243 322 in
1262 294 1374 322 anno

197 458 258 489 545
278 462 388 491 semel
407 460 441 499 ἅ,
463 461 564 491 uenit
583 459 676 498 libri,
699 458 782 491 uide
804 460 869 491 546
889 462 926 491 et
946 469 1036 501 quae
1059 458 1105 490 ad
1126 467 1156 490 11
1171 458 1235 491 908
1251 468 1300 499 sq.
1321 456 1490 489 adnotaui
1578 457 1697 488 omnia

150 513 198 542 ad
224 514 326 543 astra
347 512 380 550 ὕ,
411 513 524 543 omnis
546 514 593 543 ad
619 515 759 543 astrum
785 511 867 542 libri
955 510 1018 541 546
1042 512 1098 542 die
1114 509 1214 542 Voss.
1235 510 1300 542 390
1322 512 1359 541 et
1381 508 1456 541 cod.
1481 507 1597 547 Bodl.,
1621 510 1696 540 dies

155 564 240 593 (ΠΜ
328 565 428 595 uenit
454 562 530 595 cod.
561 562 676 602 Bodl.,
706 565 814 595 semel
839 565 924 594 cm
1012 561 1119 593 semel
1143 561 1179 593 in
1202 561 1260 593 die
1283 560 1327 592 ad
1351 560 1467 592 omnia
1490 563 1586 592 astra
1609 558 1696 591 hora

155 613 267 652 uenit,
292 614 423 656 quippe
446 617 483 647 et
506 614 612 646 horae
634 617 672 646 et
694 618 791 646 astra
814 622 871 645 XII
895 616 988 646 sunt.
1037 613 1092 645 bis
1113 613 1150 645 in
1168 623 1286 645 mense
1307 612 1353 644 ad
1374 612 1490 644 omnia
1510 614 1606 643 astra
1621 610 1697 643 dies

151 665 264 704 uenit,
290 676 404 708 neque
431 666 570 708 saepius
583 677 593 704 ;
625 666 686 708 qui
709 666 802 698 enim
825 676 846 697 a
869 674 963 697 XXIV
985 668 1176 707 supersunt
1199 664 1273 697 dies
1293 664 1366 696 fere
1386 673 1438 703 v1‚
1460 663 1493 695 ei
1513 663 1559 695 ad
1579 663 1698 695 omnia

150 720 249 748 astra
266 727 334 750 non
352 717 501 749 ueniunt
517 717 579 750 sed
594 716 640 749 ad
656 721 794 759 partem
813 719 954 749 tantum
974 720 1162 748 astrorum.
1210 716 1256 748 ad
1277 715 1394 748 omnia
1415 724 1471 747 XII
1492 718 1589 747 astra
1607 725 1697 746 unus

151 768 188 799 in
203 778 294 800 anno
310 769 450 808 mensis,
471 769 557 801 item
573 779 664 801 unus
681 768 717 800 in
733 768 1002 800 dodecaeteride
1017 778 1130 800 annus
1151 768 1260 800 uenit.
1309 767 1394 799 haec
1410 769 1446 799 et
1462 777 1547 798 uera
1561 770 1645 798 sunt
1660 769 1697 798 et

152 819 347 862 perspicua,
367 820 436 852 nisi
451 820 546 862 quod
562 820 605 852 de
622 820 695 852 dies
715 824 752 852 et
773 820 858 852 hora
880 819 1131 852 uocabulorum
1147 819 1401 862 significatione
1422 818 1599 850 dubitatio
1621 821 1698 856 est;

150 875 216 904 aut
243 872 336 904 enim
363 875 484 904 noctes
511 873 668 914 neglexit
694 875 800 914 poeta
827 876 900 911 aut,
931 873 961 904 si
989 871 1080 904 diem
1109 882 1174 913 pro
1205 872 1393 912 νυχθημέρῳ
1417 870 1547 913 posuit,
1576 870 1698 902 horam

153 923 368 965 significauit
383 924 636 966 Babylonicam
652 924 744 956 binis
760 924 890 956 nostris
906 923 1097 966 aequalem,
1118 923 1161 955 de
1176 934 1246 965 qua
1264 922 1474 955 Letronnius
1493 923 1529 954 in
1547 921 1697 955 Journal

151 975 213 1007 des
229 979 373 1008 savants
389 986 444 1008 an.
463 976 547 1009 1839
562 987 620 1018 pp.
641 976 747 1010 585-7
765 979 801 1008 et
817 975 952 1008 Bollius
968 976 1105 1017 sphaer.
1125 986 1183 1017 pp.
1200 975 1307 1007 311-3
1323 974 1552 1016 disputarunt
1567 973 1698 1006 adlatis

150 1027 258 1059 etiam
278 1027 421 1060 Graecis
440 1028 515 1060 eius
536 1027 630 1070 quod
653 1031 706 1059 est
726 1029 790 1068 ὥρα
813 1027 865 1059 ita
887 1027 995 1069 positi
1015 1027 1184 1069 exemplis
1204 1037 1246 1059 ex
1267 1037 1403 1069 papyro
1419 1027 1557 1065 Εὐδόξου
1578 1026 1697 1066 τέχνην

151 1079 358 1118 continenti,
377 1079 441 1111 col.
462 1088 529 1111 XIV
550 1084 587 1111 et
606 1088 673 1111 XVI
762 1089 855 1111 nunc
875 1079 1058 1120 uulgatam
1074 1079 1286 1121 scripturam
1303 1077 1574 1120 interpretabor,
1591 1087 1697 1119 quam

150 1140 252 1162 nemo
278 1129 393 1162 adhuc
419 1141 489 1162 non
514 1131 593 1163 dico
620 1131 878 1172 interpretatus
903 1136 958 1162 est
984 1130 1045 1162 sed
1072 1141 1115 1161 ne
1137 1130 1263 1171 legisse
1288 1129 1430 1172 quidem
1454 1129 1608 1161 uidetur.
1656 1139 1696 1160 ac

149 1181 303 1223 primum
319 1182 462 1224 quidem
479 1193 558 1214 cum
573 1185 597 1214 L
613 1181 731 1214 codice
748 1185 784 1214 et
800 1181 879 1214 edd.
899 1185 988 1213 uett.
1009 1181 1219 1224 quibusdam
1242 1181 1436 1213 orationem
1457 1180 1673 1222 distinguam
1688 1192 1696 1212 z

150 1233 243 1264 uenit
258 1233 368 1265 omnis
383 1233 432 1265 ad
447 1238 581 1265 astrum
603 1232 607 1274 Ι
626 1233 712 1265 hora
727 1233 794 1271 die,
815 1232 863 1264 bis
879 1243 988 1265 mense
1010 1233 1094 1272 dies,
1112 1233 1211 1265 semel
1231 1242 1319 1264 unus
1339 1232 1376 1264 in
1395 1242 1485 1264 anno
1506 1233 1510 1272 Ι
1529 1231 1652 1264 mensis
1667 1236 1697 1263 et

151 1284 279 1317 exactis
302 1285 352 1317 bis
376 1295 433 1317 sex
457 1285 530 1317 iam
554 1285 678 1318 solibus
703 1295 823 1317 annus.
874 1295 937 1327 age
960 1285 1098 1327 singula
1125 1284 1281 1316 membra
1307 1283 1555 1326 expendamus.
1604 1283 1697 1316 uenit

149 1336 259 1369 omnis
280 1337 328 1369 ad
350 1342 484 1370 astrum
506 1337 593 1369 hora
613 1337 689 1369 die:
715 1337 780 1369 hoc
804 1339 898 1369 recte
920 1337 1038 1376 habet,
1058 1347 1340 1378 unamquamque
1357 1347 1398 1368 ex
1416 1345 1471 1368 ΧΠ
1488 1335 1582 1368 horis
1601 1336 1696 1368 intra

149 1388 221 1420 diei
237 1389 392 1431 spatium
409 1389 453 1421 ad
469 1389 613 1431 aliquod
630 1399 672 1421 ex
689 1397 745 1420 XII
762 1389 868 1420 astris
890 1389 1021 1420 uenire.
1071 1388 1120 1420 bis
1140 1399 1249 1420 mense
1270 1387 1342 1420 dies
1360 1388 1408 1419 ad
1427 1393 1561 1420 astrum
1581 1388 1694 1420 uenit:

151 1440 216 1472 hoc
232 1444 287 1472 est
303 1442 397 1479 (nam
418 1441 528 1473 omnis
548 1441 763 1472 adiectiuum
787 1440 959 1472 obliuioni
980 1440 1135 1472 dandum
1157 1451 1231 1472 esse
1252 1440 1483 1478 consentitur,
1504 1450 1547 1471 ne
1568 1439 1696 1481 perdat

148 1492 281 1532 omnia)
297 1492 352 1524 bis
368 1493 404 1524 in
421 1503 538 1524 mense
560 1492 688 1534 aliquis
709 1503 752 1524 ex
777 1501 855 1524 XXX
877 1491 1001 1524 diebus
1017 1493 1088 1531 (tot
1109 1493 1201 1523 enim
1220 1492 1327 1533 uulgo
1342 1491 1633 1533 perhibebantur)
1651 1491 1695 1523 ad

148 1543 292 1585 aliquod
308 1554 352 1576 ex
367 1553 424 1575 XII
440 1544 546 1576 astris
562 1545 671 1576 uenit.
720 1544 821 1585 atqui
836 1554 906 1575 non
923 1543 967 1575 ad
983 1554 1092 1575 unum
1109 1543 1252 1585 aliquod
1274 1546 1408 1575 astrum
1431 1543 1492 1575 sed
1513 1543 1558 1574 ad
1580 1544 1696 1575 onmia

150 1595 312 1627 duodena
329 1595 382 1628 bis
397 1597 432 1628 in
450 1607 567 1628 mense
584 1595 659 1628 dies
674 1595 785 1635 uenit,
801 1595 845 1627 ad
861 1606 931 1627 non
947 1595 1045 1627 nulla
1065 1595 1174 1627 etiam
1195 1598 1259 1627 ter.
1308 1595 1468 1636 sequitur
1491 1595 1588 1627 semel
1609 1605 1696 1627 unus

150 1647 187 1678 in
202 1657 294 1679 anno
310 1647 432 1679 mensis
451 1648 499 1680 ad
519 1652 652 1679 astrum
675 1647 777 1679 uenit.
827 1647 927 1689 atqui
951 1658 1021 1679 non
1044 1657 1135 1679 unus
1158 1647 1219 1679 sed
1243 1647 1355 1679 omnis
1378 1647 1506 1678 mensis
1529 1647 1635 1678 semel
1658 1648 1695 1678 in

148 1709 240 1730 anno
259 1698 304 1731 ad
323 1702 458 1731 astrum
480 1700 591 1738 uenit,
615 1710 706 1731 unus
727 1698 948 1731 duodeciens.
999 1698 1180 1731 uideamus
1203 1699 1314 1741 igitur
1336 1709 1420 1730 num
1442 1698 1617 1740 Scaligero
1641 1708 1695 1730 res

150 1750 276 1782 melius
297 1751 453 1789 cesserit,
472 1751 570 1783 cuius
591 1751 677 1782 haec
702 1751 942 1792 interpunctio
964 1753 1029 1790 est,
1053 1752 1143 1782 uenit
1165 1750 1274 1782 omnis
1296 1750 1344 1782 ad
1360 1755 1492 1782 astrum
1513 1750 1518 1791 l
1538 1751 1624 1782 hora
1640 1750 1695 1782 die

147 1801 206 1841 bis,
226 1812 336 1834 mense
351 1802 424 1834 dies
438 1802 548 1842 semel,
567 1813 654 1834 nnus
670 1802 708 1833 in
723 1812 814 1833 anno
835 1801 840 1844 Ι
860 1802 984 1834 mensis
999 1807 1028 1834 et
1041 1802 1168 1834 exactis
1184 1802 1233 1834 bis
1249 1812 1307 1834 sex
1322 1801 1394 1834 iam
1417 1802 1540 1834 solibus
1561 1813 1672 1834 annus
1687 1814 1696 1841 ς

148 1864 359 1896 quamquam
380 1864 420 1886 ea
441 1854 499 1886 uel
523 1858 710 1896 propterea.
731 1855 927 1886 reiectanea
949 1857 1004 1886 est
1024 1854 1118 1896 quod
1143 1865 1322 1886 caesuram
1344 1865 1466 1886 uersus
1487 1855 1690 1897 corrumpit.

148 1905 241 1937 uenit
257 1905 365 1937 omnis
381 1905 429 1937 ad
444 1910 577 1937 astrum
600 1906 687 1937 hora
708 1905 763 1937 die
785 1905 854 1937 bis:
880 1905 945 1937 hoc
966 1908 1020 1937 est
1042 1905 1162 1944 (debet
1183 1909 1277 1937 certe
1298 1907 1386 1945 esse)
1403 1916 1632 1948 unaquaeque
1652 1917 1694 1938 ex

149 1965 242 1988 XXIV
259 1957 374 1989 ciuilis
391 1957 461 1989 diei
478 1957 552 1989 siue
565 1958 764 1997 νυχθημέρου
780 1956 876 1988 horis
891 1956 945 1988 bis
962 1956 998 1988 in
1015 1957 1204 1997 νυχθημέρῳ
1219 1956 1264 1988 ad
1280 1956 1424 1998 aliquod
1445 1967 1488 1988 ex
1510 1965 1567 1988 ΧΗ
1588 1958 1695 1989 astris

149 2009 248 2040 uenit
262 2021 271 2047 ;
293 2008 387 2051 quod
403 2011 537 2051 quanto
553 2019 656 2050 opere
672 2019 693 2040 a
708 2019 792 2040 uero
807 2008 996 2040 abhorreat
1012 2011 1088 2040 tum
1104 2008 1253 2040 fortasse
1274 2008 1500 2050 intellegetur
1521 2008 1550 2040 si
1571 2020 1693 2041 uerum

147 2059 353 2102 adposuero,
372 2060 465 2092 uenit
492 2070 601 2092 omne
626 2060 674 2092 ad
696 2065 830 2092 astrum
853 2060 939 2091 hora
960 2059 1015 2092 die
1034 2059 1105 2097 bis3
1129 2070 1242 2102 neque
1263 2060 1357 2092 enim
1377 2059 1431 2092 bis
1448 2061 1484 2092 in
1503 2062 1693 2102 νυχθημέρῳ

148 2110 190 2143 fit
206 2116 247 2144 ut
261 2120 356 2144 XXIV
371 2112 478 2144 horae
494 2112 539 2144 ad
555 2112 695 2154 singula
715 2115 823 2151 astra,
843 2111 904 2143 sed
926 2114 967 2143 ut
988 2111 1146 2153 singulae
1161 2111 1268 2143 horae
1284 2111 1329 2143 ad
1345 2114 1442 2143 astra
1457 2121 1515 2143 XII
1531 2113 1689 2145 ueniant.

145 2163 209 2195 sed
224 2163 349 2195 dicunt
365 2163 541 2206 duplicem
558 2163 796 2196 duodenarum
815 2163 977 2194 horarum
993 2163 1116 2195 seriem
1134 2173 1220 2201 esse,
1235 2162 1395 2195 diurnam
1409 2167 1446 2196 et
1461 2167 1668 2196 nocturnam
1683 2176 1691 2203 3

148 2215 297 2256 primam
313 2217 499 2257 utramque
515 2215 638 2247 horam
654 2214 699 2247 ad
715 2214 808 2247 idem
824 2217 959 2246 astrum
980 2215 1112 2253 uenire,
1131 2214 1216 2246 item
1238 2214 1426 2247 secundam
1447 2218 1634 2257 utramque
1655 2219 1692 2248 et

143 2267 196 2299 sie
220 2266 393 2308 deinceps,
412 2270 454 2299 ut
477 2267 575 2299 nulla
597 2277 640 2298 ex
664 2266 878 2298 duodenario
901 2277 1046 2298 numero
1068 2266 1155 2298 hora
1177 2266 1225 2298 sit
1248 2266 1333 2308 quin
1354 2266 1424 2298 dici
1445 2267 1556 2308 possit
1576 2267 1631 2299 bis
1646 2267 1690 2299 ad

143 2322 282 2351 astrum
298 2319 429 2351 uenire.
478 2318 654 2351 debebant
676 2317 781 2351 simul
804 2317 921 2350 dicere
941 2328 1010 2360 quo
1030 2317 1106 2349 iure
1126 2328 1257 2350 omnem
1275 2318 1396 2350 horam
1412 2318 1691 2360 interpretentur

146 2380 428 2412 unamquamque
445 2380 487 2402 ex
503 2379 560 2402 XII
577 2371 660 2410 (non
676 2371 784 2409 XXIV)
801 2369 966 2401 horarum
983 2369 1083 2408 serie,
1101 2369 1192 2401 diem
1210 2372 1329 2401 autem
1344 2380 1415 2401 non
1436 2379 1492 2401 X11
1512 2370 1572 2402 sed
1596 2379 1689 2403 XXIV

146 2422 310 2454 horarum
333 2422 437 2460 diem,
461 2422 499 2454 id
519 2425 574 2454 est
594 2422 703 2463 duplo
723 2421 879 2463 plurium
903 2420 1074 2453 omnibus.
1124 2420 1183 2453 sed
1205 2420 1306 2463 longe
1326 2421 1618 2454 absurdissimum
1634 2426 1689 2456 est

145 2474 241 2516 quod
257 2473 427 2516 sequitur,
445 2484 555 2506 meme
570 2473 643 2506 dies
657 2474 756 2505 semel
771 2474 820 2505 ad
834 2478 968 2505 astrum
983 2472 1097 2511 uenit3
1120 2483 1233 2515 neque
1248 2473 1341 2505 enim
1356 2473 1467 2505 ullum
1484 2478 1619 2506 astrum
1634 2479 1689 2508 est

143 2526 233 2570 quin
247 2525 303 2557 bis
322 2525 473 2557 saltem
464 2536 501 2557 m
517 2536 634 2557 mense
656 2525 748 2557 diem
764 2525 808 2557 ad
825 2535 861 2557 se
877 2525 1076 2556 uenientem
1099 2524 1262 2566 accipiat,
1281 2535 1341 2556 sex
1364 2525 1474 2557 ferme
1494 2529 1579 2558 sunt
1598 2537 1688 2569 quae

146 2580 202 2609 ter
217 2577 406 2619 accipiunt.
456 2580 533 2609 tum
554 2577 604 2609 sic
624 2577 795 2619 pergitur,
815 2587 902 2608 unus
917 2576 954 2608 in
969 2586 1060 2608 anno
1080 2577 1202 2608 mensis
1217 2576 1265 2608 ad
1280 2581 1413 2609 astmm
1433 2577 1546 2610 uenit:
1568 2578 1688 2611 itane?

146 2639 237 2661 unus
274 2631 436 2661 tantum.
427 2631 440 2650 ‘⁷
493 2629 599 2660 immo
636 2629 877 2670 unusquisque
965 2627 1028 2659 has
1066 2629 1123 2659 tot
1159 2630 1280 2659 tantas
1322 2627 1561 2669 difficultates,
1601 2641 1687 2672 quas

144 2680 329 2723 plerasque
366 2690 410 2712 ne
448 2682 634 2712 senserunt
670 2679 824 2722 quidem,
865 2678 932 2710 sibi
969 2678 1038 2710 uisi
1075 2678 1268 2720 explicasse
1310 2679 1477 2722 Scaliger,
1518 2680 1684 2721 Huetius,

148 2732 338 2765 Salmasius
354 2731 397 2764 de
413 2742 468 2764 an.
489 2731 580 2764 clim.
605 2741 641 2773 p.
661 2731 738 2770 248,
764 2730 898 2762 Bollius
919 2730 1056 2772 sphaer.
1083 2741 1116 2772 p.
1136 2731 1201 2763 335
1223 2741 1258 2763 n.
1282 2732 1314 2770 4,
1333 2731 1468 2764 ferendi
1488 2743 1558 2764 non
1579 2736 1684 2766 sunt:

149 2783 340 2825 Pingraeus
369 2793 410 2815 eo
440 2783 580 2815 nomine
609 2782 748 2815 laudari
778 2785 933 2814 meretur
959 2781 1053 2824 quod
1083 2781 1152 2814 uol.
1183 2791 1213 2813 11
1238 2792 1297 2824 pp.
1331 2783 1438 2816 316-8
1468 2785 1687 2826 superiorum

144 2835 283 2877 aliquos
316 2844 451 2867 errores
484 2834 644 2877 coarguit
675 2844 788 2876 neque
824 2833 904 2876 plus
937 2833 1100 2876 promisit
1131 2843 1235 2875 quam
1268 2836 1447 2876 praestare
1482 2839 1601 2878 posset
