1877 3146
698 653 764 701 Μ.
817 654 1125 702 MANILII

477 781 1347 848 ASTRONOMICON

696 926 859 965 LIBER
897 927 1129 966 TERTIVS

320 1091 376 1133 IN
395 1106 507 1133 noua
526 1096 770 1147 surgentem
789 1092 1035 1147 maioraque
1054 1092 1215 1133 uiribus
1236 1107 1388 1133 ausum

320 1180 396 1207 nec
416 1180 490 1222 per
509 1166 742 1207 inaccessos
763 1171 1026 1207 metuentem
1045 1166 1200 1207 uadere
1219 1167 1354 1208 saltus

320 1240 475 1291 ducite,
497 1240 693 1282 Pierides.
752 1246 916 1282 uestros
937 1241 1163 1282 extendere
1182 1241 1286 1282 fines

321 1329 448 1357 conor
468 1320 510 1356 et
530 1315 688 1370 ignotos
708 1315 750 1356 in
771 1316 957 1356 carmina
978 1315 1129 1356 ducere
1149 1329 1308 1357 census.

207 1422 290 1454 1-42
316 1423 533 1465 prooemium
623 1422 684 1453 1-3
718 1424 824 1455 Aetn.
860 1425 878 1458 7
911 1434 959 1465 sq.
995 1423 1031 1454 iu
1061 1434 1153 1455 noua
1183 1423 1303 1455 Pierio
1329 1428 1514 1464 properent
1545 1435 1568 1455 a
1589 1423 1689 1465 fonte

138 1485 270 1507 sorores
291 1474 296 1515 1
315 1479 420 1506 uota:
439 1485 504 1515 per
523 1474 697 1506 insolitum
714 1475 847 1506 Phoebo
869 1475 951 1506 duce
976 1476 1081 1506 tutius
1107 1477 1175 1506 itur
1263 1475 1283 1505 2
1306 1478 1437 1507 uadere
1460 1478 1495 1514 G,
1522 1477 1691 1508 inuadere

139 1530 209 1566 ΒΜ,
239 1537 308 1568 quo
335 1526 443 1558 uerbo
471 1526 500 1558 si
526 1529 632 1568 poeta
656 1526 710 1558 uti
734 1526 925 1563 maluisset,
954 1527 1079 1558 mirum
1105 1530 1221 1565 esset3
1249 1537 1459 1568 quamquam
1483 1537 1552 1558 non
1577 1527 1691 1559 multo

139 1578 256 1610 minus
272 1578 458 1609 inuenuste
480 1577 613 1608 dieitur
635 1577 734 1608 culic.
756 1578 820 1609 206
837 1577 983 1608 intrauit
999 1577 1107 1609 leuior
1122 1588 1184 1618 per
1200 1588 1346 1618 corpora
1361 1588 1495 1609 somnus
1576 1581 1692 1610 saltus

140 1628 215 1669 GL²‚
242 1632 356 1661 saltos
379 1631 447 1660 ΒΜ.
490 1628 597 1670 Verg.
624 1639 741 1671 georg.
770 1638 815 1660 111
839 1629 882 1661 40
906 1639 955 1670 sq.
979 1629 1153 1670 dryadum
1172 1629 1280 1660 siluas
1298 1629 1469 1670 saltusque
1485 1631 1692 1670 sequamur!

138 1681 294 1719 intactos,
329 1685 401 1719 tua,
437 1681 630 1719 Maec-eum,
665 1681 748 1712 haut
778 1680 896 1712 mollia
927 1681 1031 1719 iussa,
1066 1680 1162 1712 Man.
1195 1689 1223 1712 11
1253 1681 1294 1712 53
1326 1681 1458 1721 iuteyra
1485 1691 1692 1722 quaeramus

139 1732 292 1765 rorantis
302 1737 413 1773 prata·
429 1742 494 1772 per
510 1731 630 1763 herbas
717 1731 738 1762 4
754 1734 895 1770 ignotos
911 1733 943 1770 ·)(·,
964 1735 1091 1770 dignos
1107 1735 1176 1770 LM,
1191 1735 1354 1769 indignos
1372 1733 1476 1764 metri
1492 1743 1597 1764 causa
1613 1736 1638 1764 G
1654 1737 1692 1765 et

138 1785 176 1816 in
191 1787 215 1816 1.
231 1794 354 1815 manus
375 1784 627 1822 recentissima,
647 1786 799 1815 indictos
815 1783 890 1815 cod.
911 1783 1071 1815 Venetus
1095 1784 1278 1825 aliquanto
1300 1784 1423 1815 scitius
1440 1784 1688 1826 interpolatus.

141 1836 307 1868 similiter
323 1835 442 1875 iynoro
458 1835 492 1866 in
510 1834 650 1876 dignior
666 1834 754 1866 abiit
770 1835 861 1866 Vell.
884 1844 912 1866 11
932 1836 993 1867 102
1012 1837 1025 1866 1
1132 1837 1290 1866 carmina
1305 1838 1350 1873 M,
1369 1838 1524 1867 carmine
1540 1838 1589 1867 GL

183 1896 308 1919 census
332 1886 494 1929 Vngerus
518 1886 561 1918 de
585 1886 621 1919 C.
646 1886 774 1928 Valgio
798 1897 831 1928 p.
859 1887 923 1918 389
948 1897 1001 1918 an.
1026 1887 1120 1925 1848,
1140 1890 1266 1918 cantus
1291 1886 1384 1926 libri,
1412 1891 1532 1918 contra
1558 1896 1603 1918 111
1626 1888 1691 1919 412

136 1949 285 1972 crescens
310 1949 374 1981 pro
399 1943 549 1970 crescant
638 1938 794 1969 carmina
818 1938 852 1969 in
878 1942 1001 1969 cantus
1025 1938 1175 1970 forsitan
1200 1938 1281 1969 duci
1304 1939 1452 1980 possint,
1478 1938 1571 1970 dixit
1598 1939 1691 1970 enim

140 1990 325 2023 Lucretius
346 1999 371 2021 V
394 1990 479 2022 1380
502 2000 551 2032 sq.
576 1989 735 2021 carmina
759 1995 862 2021 cautu
883 1989 887 2030 1
908 1989 1146 2029 concelebrare,
1170 1990 1291 2021 culicis
1315 1993 1421 2031 poeta
1447 1990 1507 2024 147
1532 1990 1690 2022 carmina

137 2053 201 2084 per
216 2042 336 2075 uarios
351 2041 454 2073 edunt
467 2041 662 2073 resonantia
681 2046 799 2072 cautus
816 2053 823 2079 3
848 2044 974 2072 cantus
991 2041 1025 2072 in
1044 2042 1198 2072 carmina
1216 2041 1342 2073 ducere
1358 2041 1445 2073 nihil
1459 2052 1603 2083 prorsus
1621 2046 1686 2074 est.

136 2095 271 2127 frustra
294 2093 405 2135 igitur
427 2096 568 2135 praeter
592 2092 769 2124 Venetum
794 2092 893 2124 codd.
922 2092 1000 2124 Par.
1028 2092 1127 2124 Bodl.
1154 2093 1296 2125 Caesen.
1323 2093 1491 2125 iudicio-3.
1514 2118 1521 2125 .
1543 2118 1549 2125 .
1570 2098 1690 2126 cantus

139 2147 264 2188 (praua
279 2145 425 2185 insuper
445 2144 615 2183 oratione,
636 2154 748 2185 neque
770 2144 860 2175 enim
880 2144 1047 2175 dicuntur
1069 2147 1204 2181 cantus,
1225 2144 1284 2176 sed
1301 2155 1356 2176 res
1372 2145 1429 2176 uel
1446 2144 1615 2177 dicuntur
1632 2145 1689 2177 uel

135 2197 340 2235 canuntur),
353 2195 533 2227 Breiterus
550 2206 652 2227 eonor
673 2195 777 2236 {fines
791 2200 820 2226 et
836 2195 956 2235 sliquos
971 2195 1005 2226 iu
1022 2196 1086 2227 (nd.
1105 2200 1223 2227 cautus
1237 2208 1245 2234 ;
1267 2206 1379 2238 neque
1394 2196 1518 2228 melius
1536 2196 1690 2238 Scaliger

140 2248 294 2289 iuriyuos
321 2258 429 2289 eoque
457 2250 598 2289 recepto
616 2247 733 2287 fomes
759 2247 1006 2286 Marklandus,
1038 2249 1147 2289 ‘quae
1174 2247 1400 2289 metaphora’
1427 2251 1469 2279 ut
1495 2248 1546 2280 ait
1572 2248 1689 2289 Fayus

140 2300 254 2331 ‘nihil
277 2298 322 2330 ad
349 2302 503 2330 mentem
530 2302 655 2340 poetae
680 2298 812 2330 addit'.
863 2302 1010 2340 apparet
1034 2299 1126 2329 enim
1151 2299 1282 2340 requiri
1309 2298 1402 2341 quod
1429 2302 1513 2341 apte
1535 2299 1690 2341 excipiat

139 2352 202 2384 illa
231 2356 360 2383 uestros
398 2351 574 2382 extendere
602 2349 694 2391 fines
725 2353 760 2381 et
791 2350 837 2381 ad
871 2361 945 2381 eam
978 2351 1190 2381 sententiam
1222 2350 1467 2392 explicandam
1497 2352 1685 2392 pertineat.

139 2405 270 2445 iyuotos
311 2412 439 2441 ceu-sus,
480 2412 590 2433 nouas
629 2412 723 2444 opes,
763 2402 947 2433 materiam
991 2402 1140 2433 diuitem
1178 2402 1327 2433 necdum
1369 2403 1478 2434 musis
1514 2403 1691 2445 cognitam

140 2453 399 2487 carminibusue
430 2453 664 2485 celebratam:
705 2453 809 2484 Aetn.
845 2453 888 2484 24
923 2454 957 2484 in
991 2453 1097 2484 simili
1132 2456 1339 2495 argumento
1368 2453 1502 2494 fortius
1531 2454 1690 2495 iynotas

141 2507 302 2539 molimur
314 2509 447 2546 pectore
464 2515 577 2543 curas,
597 2504 633 2536 id
650 2509 703 2536 est
720 2515 807 2546 opus
825 2504 980 2536 nondum
998 2508 1204 2537 tractatum.
1255 2505 1414 2547 ignotum
1439 2506 1531 2537 enim
1557 2506 1690 2538 dicitur

136 2558 234 2601 quod
256 2567 350 2589 nuno
374 2557 526 2599 primum
551 2556 657 2588 alicui
680 2556 894 2588 innotescit:
920 2565 965 2587 111
990 2557 1028 2588 31
1056 2556 1196 2596 iquorem.
1219 2581 1225 2588 .
1248 2581 1255 2588 .
1275 2556 1416 2588 momina
1431 2567 1558 2596 rerum,
1577 2557 1685 2600 Verg.

139 2613 227 2645 Aen.
244 2620 285 2643 XI
301 2611 364 2645 677
382 2621 431 2652 sq.
453 2611 560 2642 armis
579 2609 583 2652 Ι
606 2610 739 2649 iynotis,
757 2609 818 2641 ubi
835 2609 979 2641 Seruius
999 2612 1006 2626 ⁶
1018 2610 1128 2647 nouis,
1147 2610 1392 2649 inconsuetis’,
1411 2609 1512 2643 Ouid.
1532 2621 1639 2643 amor.
1660 2620 1691 2644 11

141 2666 157 2696 1
184 2665 203 2697 6
227 2662 325 2695 rudis
349 2662 462 2704 iyuoto
488 2667 597 2694 tactus
622 2672 737 2693 amore
758 2672 860 2702 puer,
886 2662 979 2693 trist.
1010 2670 1054 2692 111
1085 2662 1104 2693 8
1131 2662 1151 2692 2
1175 2661 1266 2693 misit
1290 2661 1327 2693 iu
1349 2662 1500 2702 igynotam
1523 2663 1583 2705 qui
1604 2664 1689 2696 mdc

136 2726 247 2748 semen
263 2715 416 2754 humum,
429 2714 545 2746 Germ.
560 2714 686 2755 phaen.
703 2714 767 2746 365
784 2724 833 2755 sq.
851 2713 950 2752 huuc,
966 2724 1057 2744 noua
1074 2713 1175 2752 silua,
1198 2713 1203 2754 Ι
1223 2714 1387 2754 planxere
1404 2715 1527 2755 iynocis
1541 2720 1690 2747 maestae

141 2766 408 2800 Phaethontides
435 2765 537 2802 uluis,
565 2765 658 2796 unde
683 2767 831 2807 apparet
855 2765 1029 2806 quomodo
1052 2765 1328 2807 intellegendum
1352 2765 1400 2797 sit
1423 2765 1525 2808 Prop.
1554 2775 1567 2797 1
1597 2768 1617 2799 3
1647 2767 1692 2800 20

134 2818 261 2860 iqnotis
284 2817 439 2850 cornibus
463 2816 659 2855 Inachidos,
688 2817 748 2849 Sil.
777 2826 801 2848 V
829 2817 956 2849 619-21
986 2817 1082 2848 lacus
1109 2822 1184 2848 ater
1200 2842 1207 2849 .
1229 2841 1236 2848 .
1257 2841 1264 2850 .
1286 2817 1360 2849 sede
1385 2827 1540 2849 excussu&
1562 2813 1687 2856 auita!

903 2869 926 2891 Α
