1877 3146
172 128 228 167 60
768 125 830 168 M.
862 125 1115 168 MANILII

350 239 519 294 imaque
537 238 721 281 tricenos
742 237 807 280 bis
825 237 1107 280 fundamenta
1126 252 1200 294 per
1218 252 1352 280 annos

350 318 573 355 censentur
593 312 657 354 bis
676 326 752 354 sex
769 311 949 354 adiectis
970 312 1175 354 messibus
1193 326 1311 354 aeuo.

350 386 548 442 quodque
568 385 684 441 prius
704 390 857 428 natum
875 385 1005 428 fuerit
1024 385 1307 442 dextrumque
1325 386 1541 443 trigonum

225 469 293 501 600
350 461 428 503 hoc
446 474 676 516 sexagenos
696 459 849 502 tribuit
867 459 1143 515 duplicatque
1163 466 1402 516 quaternos.

349 534 463 590 quod
482 534 611 576 fuerit
629 534 802 576 laeuum
820 534 1096 590 praelataque
1114 534 1233 591 signa
1252 540 1452 590 sequetur

347 608 528 651 tricenos
548 622 681 650 annos
701 608 907 664 duplicat,
927 608 1005 651 tris
1025 609 1196 665 insuper
1215 608 1348 651 addit.

348 697 541 738 quaeque
558 697 685 738 super
703 682 873 739 signum
891 697 1067 725 nascens
1086 697 1112 724 a
1131 683 1302 725 cardine
1321 683 1506 738 primum

346 756 474 799 tertia
492 771 582 798 sors
603 763 740 799 manet
759 762 802 800 et
820 771 990 799 summo
1009 757 1095 798 iam
1115 757 1309 813 proxima
1328 757 1444 800 caelo

165 895 370 938 olympias
392 900 470 927 acta
492 894 497 937 Ι
516 895 588 927 iam
608 900 739 937 tempus
762 895 884 927 lustri
906 895 1031 928 transit
1053 895 1090 927 iu
1113 895 1288 928 alterius
1376 895 1439 928 597
1453 898 1526 928 ima.
1542 895 1708 938 Scaliger,

165 951 282 987 prima
298 946 380 979 libri
468 946 516 979 bis
546 946 826 989 monosyllabum
849 957 928 979 oum
955 947 1098 980 tricenos
1125 951 1198 980 tam
1222 951 1299 980 arte
1329 947 1553 980 coniunctum
1583 950 1638 980 est
1667 950 1711 980 ut

165 1010 344 1032 caesuram
359 1008 580 1041 eorrumpere
600 998 788 1037 uideatur;
820 999 882 1031 sed
906 1009 975 1031 non
995 999 1107 1042 magis
1128 999 1307 1032 modulate
1326 999 1506 1042 Vergilius
1525 1009 1642 1041 georg.
1662 1007 1708 1031 111

164 1053 226 1084 211
259 1051 329 1083 siue
366 1050 465 1083 boum
501 1050 572 1082 siue
608 1055 654 1082 est
692 1051 747 1083 cui
777 1051 912 1091 qratior
944 1061 1024 1083 usus
1058 1061 1222 1092 equorum
1305 1062 1370 1092 per
1399 1062 1506 1084 annos
1536 1056 1713 1084 censentur

165 1102 382 1136 memorabili
405 1101 576 1144 exemplo,
604 1101 698 1144 quod
721 1102 757 1134 in
781 1102 870 1135 thes.
896 1103 978 1145 ling.
1002 1103 1080 1135 Lat.
1107 1113 1176 1135 non
1200 1103 1351 1135 relatum
1374 1105 1440 1142 est,
1464 1113 1529 1145 pro
1551 1102 1711 1135 ablatiuo

163 1155 265 1187 annis
289 1154 446 1197 ponitur,
473 1154 535 1196 qui
560 1164 661 1186 casus
683 1153 849 1186 censendi
872 1154 980 1186 uerbo
1003 1154 1148 1196 adiungi
1171 1154 1272 1194 solet,
1297 1154 1397 1187 uelut
1415 1163 1445 1186 II
1463 1154 1538 1192 667,
1563 1163 1609 1186 111
1632 1155 1706 1192 127,

162 1208 238 1246 476,
258 1206 367 1238 Macr.
387 1205 460 1238 Sat.
481 1214 495 1237 I
518 1206 558 1238 13
581 1206 601 1238 6
625 1207 774 1247 (septem
798 1207 946 1245 menses)
969 1206 1196 1238 undetricenis
1223 1206 1442 1239 censebantur
1467 1206 1594 1239 diebus.
1643 1205 1705 1237 sed

163 1258 328 1290 similiter
343 1266 373 1289 11
389 1257 453 1290 696
469 1267 545 1289 cum
560 1257 708 1289 tricenas
727 1267 792 1298 per
810 1258 925 1298 partis
941 1257 1055 1289 sidera
1072 1263 1218 1290 constent
1233 1268 1298 1300 pro
1314 1257 1450 1290 tricenis
1464 1257 1622 1299 partibus

206 1309 269 1340 598
306 1311 480 1342 messibus
510 1308 714 1351 Postgatius
747 1308 826 1340 silu.
856 1308 951 1341 Man.
982 1319 1015 1350 p.
1049 1309 1103 1347 32,
1136 1312 1315 1341 mensibus
1345 1309 1439 1349 libri,
1469 1313 1511 1341 ut
1540 1313 1707 1352 quartum

163 1361 334 1403 ternplum
364 1369 428 1392 LXI
458 1371 568 1392 annos
597 1360 755 1392 tribuere
785 1360 948 1399 dicatum
984 1361 1132 1403 requirit
1161 1364 1279 1393 autem
1310 1361 1402 1393 ratio
1429 1369 1544 1393 LXXII.
1593 1360 1712 1393 messis

162 1416 287 1454 poetae
303 1412 422 1444 Latini
437 1422 502 1454 pro
517 1414 654 1444 aestate
674 1422 714 1443 ac
736 1411 875 1451 deinde,
893 1412 987 1443 sicut
1007 1412 1123 1454 ipsum
1144 1417 1267 1451 aestas,
1288 1422 1349 1454 pro
1369 1423 1462 1444 anno
1477 1415 1706 1454 usurparunt,

163 1464 270 1496 Mart.
292 1473 304 1496 I
324 1465 382 1496 101
397 1465 418 1495 4
434 1468 562 1504 quarta
578 1463 685 1495 tribus
705 1463 824 1495 lustris
846 1463 972 1495 addita
987 1463 1103 1496 messis
1119 1468 1203 1503 erat,
1222 1473 1262 1496 VI
1278 1465 1321 1496 28
1337 1465 1357 1496 8
1373 1474 1423 1506 sq.
1443 1463 1493 1496 bis
1507 1465 1594 1496 senis
1609 1463 1712 1496 modo

162 1516 319 1548 messibus
345 1514 401 1554 (al.
430 1515 610 1554 mensibus)
631 1514 784 1555 peractis
805 1514 809 1557 Ι
829 1515 890 1546 uix
914 1525 1020 1547 unum
1046 1526 1137 1556 puer
1160 1515 1359 1557 adplicabat
1383 1526 1524 1555 annum,
1551 1524 1576 1547 X
1603 1515 1665 1548 103
1689 1515 1708 1549 7

162 1572 326 1609 quattuor
337 1565 474 1599 accessit
490 1565 662 1598 tricesima
676 1566 837 1598 messibus
849 1571 972 1605 aestas,
987 1575 1044 1598 XII
1060 1567 1103 1599 34
1122 1568 1137 1598 1
1155 1577 1206 1609 sq.
1223 1566 1367 1608 triginta
1382 1566 1469 1599 mihi
1483 1571 1712 1608 quattuorque

162 1629 281 1651 messes
308 1618 366 1658 (al.
394 1619 533 1656 menses)
554 1618 559 1658 l
580 1622 699 1656 tecum,
726 1617 756 1649 si
780 1617 929 1656 memini,
954 1618 1068 1658 suere,
1096 1618 1180 1657 Iuli,
1208 1617 1299 1651 Stat.
1328 1618 1406 1650 silu.
1434 1627 1448 1650 1
1472 1619 1494 1650 4
1517 1618 1559 1653 77
1581 1628 1708 1660 perque

162 1681 282 1702 nouem
312 1669 425 1701 timuit
456 1668 672 1710 Pamphylia
702 1679 830 1701 messes.
880 1669 965 1701 item
997 1669 1122 1701 Graeci
1153 1670 1228 1701 ποία
1259 1669 1362 1701 modo
1393 1680 1456 1712 pro
1486 1672 1633 1709 aestate,
1666 1673 1710 1703 ut

164 1722 323 1753 Rhianus
346 1731 400 1763 ap.
424 1721 524 1752 Paus.
540 1729 580 1752 Iv
598 1721 637 1755 17
657 1722 694 1752 11
712 1722 853 1761 χείματά
875 1733 910 1752 τε
935 1723 1033 1753 ποὶασ
1051 1733 1086 1752 τε
1109 1722 1171 1753 δύω
1192 1723 1245 1753 καὶ
1267 1723 1365 1753 εἴκοσι
1381 1722 1506 1760 πάσασ,
1526 1721 1628 1753 modo
1643 1732 1709 1763 pro

162 1784 254 1805 anno
276 1775 483 1815 posuerunt,
504 1775 545 1804 ut
569 1771 746 1804 Diodorus
761 1772 859 1804 anth.
880 1772 949 1804 Pal.
964 1781 1020 1804 VII
1036 1773 1100 1805 625
1118 1773 1138 1804 5
1160 1783 1210 1814 sq.
1231 1775 1329 1805 εἴκοσι
1352 1774 1451 1805 ποίαο·
1470 1772 1475 1815 Ι
1495 1775 1610 1812 μοῦνον
1634 1775 1705 1805 ἐπεὶ

161 1826 272 1866 βιότου
295 1826 426 1863 πλήσαο
450 1825 501 1856 καὶ
526 1825 676 1865 πίσυρασ.
725 1824 833 1856 etiam
857 1823 936 1856 aliis
960 1824 996 1856 in
1019 1824 1104 1856 locis
1128 1824 1263 1857 librarii
1286 1824 1408 1857 mensis
1428 1824 1701 1864 substituerunt,

162 1876 263 1908 uelut
290 1876 398 1908 Mart.
419 1884 459 1907 IV
484 1875 525 1909 78
550 1877 578 1913 1,
607 1884 647 1907 XI
671 1877 710 1908 18
733 1876 787 1914 23,
815 1875 954 1907 Nemes.
982 1875 1059 1908 buc.
1086 1885 1126 1907 Iv
1147 1877 1200 1915 36,
1230 1876 1327 1909 anth.
1343 1876 1421 1908 Lat.
1435 1876 1530 1908 Ries.
1551 1877 1616 1908 466
1642 1877 1662 1908 8

249 1927 313 1959 599
329 1930 422 1965 quod
443 1926 517 1965 GL2,
540 1936 609 1964 quo
630 1930 688 1959 LM
772 1926 875 1968 prius
897 1932 1029 1966 natum,
1056 1929 1368 1968 προαναφερόμενον,
1392 1928 1484 1969 signi
1507 1928 1708 1970 epitheton,

162 1989 230 2010 non
248 1979 333 2010 satis
348 1978 489 2020 proprie
504 1978 548 2009 ad
567 1978 795 2020 dodecatropi
819 1978 931 2010 locum
952 1979 1178 2017 transfertur,
1196 1979 1257 2020 qui
1279 1989 1391 2021 neque
1406 1979 1576 2017 nascitur,
1593 1978 1631 2011 id
1652 1983 1707 2012 est

162 2032 286 2069 oritur,
321 2041 432 2071 neque
463 2029 603 2061 occidit.
664 2029 884 2072 significatur
914 2031 1086 2072 templum
1121 2041 1264 2069 nonum,
1297 2031 1334 2062 in
1364 2031 1542 2072 superiore
1577 2031 1706 2073 angulo

162 2083 316 2124 positum
348 2082 422 2113 eius
454 2081 585 2123 trigoni
615 2092 684 2123 quo
722 2081 933 2123 horoscopus
967 2092 1046 2114 cum
1076 2082 1213 2114 duobus
1243 2081 1322 2114 aliis
1357 2082 1500 2124 templis
1536 2082 1705 2119 sociatur,

160 2144 307 2175 quorum
333 2136 522 2174 utrumque
547 2133 730 2175 horoscopi
755 2133 932 2175 trigonum
958 2133 1159 2175 appellatur
1183 2133 1307 2165 eadem
1331 2133 1468 2165 ratione
1494 2144 1564 2175 qua
1588 2142 1617 2165 11
1640 2134 1705 2168 576

160 2185 292 2217 dicitur
321 2185 444 2225 siqua.
466 2209 473 2216 .
495 2209 502 2216 .
523 2184 699 2225 utriusque
730 2184 867 2225 trigona
954 2185 1113 2217 dextrum
1143 2196 1218 2217 esse
1248 2186 1285 2217 in
1315 2185 1456 2218 zodiaco
1482 2185 1577 2227 quod
1607 2186 1708 2228 prius

161 2237 308 2275 oriatur,
330 2236 468 2268 laeuum
490 2236 580 2275 (601)
605 2235 699 2278 quod
721 2237 909 2278 posterius,
936 2235 1124 2268 didicimus
1148 2246 1178 2268 11
1200 2237 1308 2269 ⁶284-ss
1331 2239 1368 2269 et
1390 2237 1465 2274 293,
1490 2236 1551 2269 ubi
1574 2237 1705 2269 adlatis

161 2288 331 2330 exemplis
355 2298 462 2319 unum
485 2287 614 2319 addam
635 2288 717 2319 huic
739 2288 815 2320 loco
836 2288 1066 2327 simillimum,
1084 2288 1201 2330 Heph.
1222 2288 1331 2320 Theb.
1351 2297 1365 2320 Ι
1383 2289 1423 2321 16
1444 2290 1650 2329 ἀκτινοβολεΐ
1671 2290 1706 2321 δὲ

162 2342 230 2371 πᾶσ
247 2341 350 2381 ἀστὴρ
374 2340 390 2370 ὀ
409 2340 600 2378 ἑπόμενοσ
624 2340 658 2370 ἑν
683 2341 754 2371 τοῖο·
774 2341 984 2378 εύωνύμοιο·
1005 2341 1061 2371 τὸν
1086 2341 1375 2381 προηγούμενον
1395 2341 1428 2371 ἐν
1449 2342 1520 2372 τοῒσ
1544 2341 1703 2380 δεξίσισ·

161 2392 224 2423 οἷον
251 2393 266 2423 ὁ
283 2392 325 2432 ’,ἐν
350 2390 439 2432 Κριῷ
461 2392 517 2422 τὸν
543 2392 575 2422 ἐν
601 2392 775 2432 Αἰγόκερῳ,
800 2392 990 2432 τετραγώνῳ
1015 2392 1115 2431 δεξίῳ,
1139 2393 1344 2432 ἀκτινοβολεῖ
1373 2393 1490 2430 ὁμοίωσ
1514 2394 1566 2423 καὶ
1589 2393 1645 2424 τὸν
1670 2393 1704 2423 ἐν

161 2443 290 2482 Τοξότῃ,
318 2443 489 2483 τριγώνῳ
514 2443 622 2482 δεξίῳ
709 2442 774 2473 600
798 2453 928 2474 nonum
951 2442 1122 2484 templum
1145 2453 1254 2474 annos
1277 2442 1406 2475 tribuit
1428 2451 1550 2475 LXVIII
1637 2442 1700 2474 601

160 2498 328 2532 sequetur
351 2493 450 2526 codd.
472 2494 563 2525 Flor.
584 2497 620 2526 et
640 2493 756 2533 Bodl.‚
775 2497 969 2532 sequentur
991 2497 1076 2526 ΘΒΜ
1164 2495 1254 2535 quod
1277 2494 1455 2536 trigonum
1538 2494 1702 2535 praelata

159 2544 269 2586 siqua,
301 2546 343 2577 τὰ
373 2547 597 2586 προηγούμενα
628 2544 725 2585 ζῴδια,
824 2545 888 2576 602
925 2548 1086 2584 duplicat
1115 2548 1151 2584 G,
1185 2548 1369 2584 duplicant
1392 2548 1450 2578 LM
1537 2545 1702 2588 quintum

159 2596 329 2638 templum
357 2607 466 2628 annos
492 2597 622 2629 tribuit
647 2605 742 2628 LXIII
830 2596 893 2628 603
918 2597 1052 2638 siynum
1079 2607 1218 2629 nascens
1248 2608 1271 2629 α
1301 2597 1442 2630 cardine
1463 2596 1634 2638 primum,
1666 2598 1707 2629 τὸ»

161 2648 362 2688 ὡροσκοποῢν
378 2648 488 2687 ζῴδιον
577 2648 642 2679 604
663 2657 740 2680 sors
760 2652 881 2680 manet
896 2649 928 2687 ἥ,
942 2652 1067 2690 ‚forma
1089 2651 1158 2687 ΒΜ,
1177 2651 1291 2681 forma
1311 2652 1367 2682 est
1389 2648 1452 2680 <313
1471 2648 1575 2680 metri
1596 2659 1702 2680 causa

161 2702 201 2731 ut
232 2698 384 2737 uidetur,
424 2709 635 2741 quamquam
669 2700 729 2741 qui
760 2700 809 2732 sic
839 2699 991 2731 efficitur
1026 2700 1172 2731 secundi
1209 2699 1309 2742 pedis
1346 2700 1509 2732 modulus
1547 2699 1702 2732 Luciano

162 2750 334 2782 Muellero
350 2749 436 2781 adeo
453 2750 636 2792 displicuit
658 2754 697 2782 ut
719 2751 782 2783 erit
806 2751 1020 2783 coniectaret
1043 2751 1086 2783 de
1108 2762 1186 2783 r.m.
1203 2762 1236 2793 p.
1256 2751 1320 2783 249
1343 2751 1397 2783 ed.
1417 2752 1457 2783 2:
1480 2751 1567 2783 mihi
1589 2751 1700 2783 nihilo

160 2801 313 2834 deterior
329 2801 471 2833 uidetur
486 2812 591 2843 quam
608 2811 637 2833 II
653 2803 718 2835 685
733 2802 849 2835 sidera
872 2802 1047 2843 quadrata
1069 2802 1210 2843 efficiunt
1231 2812 1298 2835 non
1318 2802 1386 2844 Zeye
1408 2801 1596 2844 quadrati3
1618 2812 1699 2834 nam

160 2863 300 2886 uersum
316 2853 470 2885 omnium
487 2853 704 2886 simillimum
720 2864 812 2886 cons.
833 2853 910 2887 Liu.
930 2854 993 2888 379
1009 2858 1093 2885 nata
1110 2854 1201 2895 quod
1221 2854 1288 2886 alte
1304 2864 1337 2887 es
1352 2854 1507 2896 quodque
1524 2864 1556 2887 es
1570 2853 1707 2895 fetibus·
