1877 3146
172 122 228 162 56
769 120 831 164 Μ.
864 120 1117 163 MANILII

351 232 504 274 mensis
525 237 567 274 et
589 232 749 274 exactis
769 232 834 274 bis
852 246 928 274 sex
947 232 1033 274 iam
1051 231 1210 274 solibus
1230 246 1379 274 annus.

350 306 518 348 difficile
537 311 601 348 est
621 306 665 348 in
684 306 798 348 idem
815 311 988 362 tempus
1007 320 1252 348 concurrere
1271 311 1438 356 cuncta,

348 380 472 421 unius
492 386 542 422 ut
560 380 669 436 signi
689 380 850 436 pariter
867 380 923 422 sit
943 379 1096 422 mensis
1117 385 1160 422 et
1180 394 1315 422 annus

224 459 332 494 549A
351 461 468 509 atque
489 454 576 496 dies
597 461 713 509 atque
734 454 833 496 hora
854 453 1012 496 simul:
1048 453 1130 497 sibi
1150 454 1353 509 discrepat
1374 453 1484 496 ordo.

223 533 329 567 54913
352 542 471 583 saepe
482 528 537 583 fit
557 535 615 579 ut,
638 528 754 570 mitis
775 527 941 570 tulerint
962 528 1035 583 qui
1054 528 1201 570 sideris
1221 542 1392 577 annum,

223 609 291 641 550
347 602 570 658 asperioris
589 608 720 659 agant
740 617 928 645 mensem
946 617 955 654 ;
990 602 1025 645 si
1046 602 1199 645 mensis
1219 602 1262 644 in
1282 608 1445 644 astrum

345 676 497 719 laetius
516 677 722 728 inciderit,
743 677 912 734 signum
930 677 982 719 sit
999 677 1122 719 triste
1141 677 1224 719 diei
1243 692 1252 728 3

345 750 381 792 si
400 750 573 793 fortuna
592 751 706 793 diem
724 751 883 802 foueat,
904 751 956 793 sit
974 751 1118 793 durior
1138 751 1252 793 hora.

345 824 500 867 idcireo
520 825 620 867 nihil
642 826 686 867 in
704 831 849 868 totum
866 825 947 868 sibi
966 825 1133 868 credere
1151 825 1217 867 fas
1237 830 1314 876 est,

344 914 430 941 non
450 914 584 942 annos
602 899 744 956 signis,
766 914 929 942 menses
948 899 1214 942 uertentibus
1234 899 1368 949 annis,

218 981 288 1012 555
343 974 558 1016 mensibus
578 979 654 1016 aut
673 975 799 1024 luces,
821 979 897 1016 aut
917 989 1062 1016 omnes
1081 973 1248 1016 lucibus
1268 974 1405 1024 horas,

343 1047 459 1103 quod
478 1062 590 1090 nunc
610 1048 680 1090 illa
700 1048 825 1090 nimis
844 1053 1087 1104 properant,
1108 1062 1222 1090 nuno
1240 1047 1313 1090 illa
1332 1052 1571 1096 morantur,

343 1127 386 1164 et
406 1122 533 1164 modo
552 1123 671 1165 deest
691 1123 796 1174 aliis,
818 1122 945 1165 modo
965 1122 1100 1173 adest,
1121 1122 1370 1178 uicibusque
1388 1121 1547 1164 recedit

341 1202 418 1239 aut
437 1197 548 1239 redit
568 1202 698 1253 atque
718 1197 800 1239 alio
821 1202 1015 1239 mutatur
1032 1202 1225 1253 tempore
1244 1202 1416 1252 tempus

340 1270 661 1327 interpellatum
679 1271 847 1313 uariata
865 1276 979 1313 sorte
998 1271 1174 1313 dierum.

202 1400 264 1433 547
281 1409 395 1433 annus
411 1401 486 1434 cod.
507 1401 616 1442 Flor.,
634 1411 768 1434 annum
783 1405 867 1434 ΘΒΜ
955 1402 1090 1441 solibus,
1106 1402 1219 1442 annis,
1233 1413 1320 1444 quos
1333 1402 1445 1434 lustra
1460 1401 1540 1434 solis
1551 1401 1708 1444 appellat

157 1453 232 1492 580,
252 1458 347 1485 actus
362 1453 442 1485 solis
457 1454 521 1486 595
537 1464 604 1496 sq.,
619 1454 778 1486 uertentis
794 1459 947 1495 tempora
962 1454 1042 1486 solis
1057 1455 1133 1493 609,
1151 1454 1234 1486 soles
1255 1454 1362 1486 etiam
1378 1453 1608 1486 Nemesianus
1625 1464 1703 1496 eyn.

160 1504 219 1535 121
245 1514 294 1546 sq.
307 1505 444 1545 femina
468 1504 562 1537 binos
580 1506 586 1546 Ι
607 1515 694 1547 quae
717 1505 831 1537 tulerit
854 1506 948 1545 soles,
974 1506 1087 1544 ἡλίουσ
1110 1505 1272 1538 Herodas
1295 1505 1332 1537 in
1355 1504 1526 1547 Molpino,
1545 1506 1626 1544 ἐπὴν
1649 1506 1707 1537 τὸν

158 1556 330 1594 ἑξηκοστὸν
347 1558 438 1595 ἥλιον
455 1557 601 1598 κάμψῃσ,
623 1555 628 1599 Ι
650 1558 674 1588 ὦ
690 1558 825 1598 Γρύλλε,
850 1559 985 1597 Γρύλλε,
1014 1555 1154 1598 θνῇσκε;
1177 1567 1290 1599 neque
1311 1557 1427 1588 minus
1448 1560 1544 1589 recte
1567 1556 1620 1588 sol
1641 1566 1706 1599 pro

158 1617 274 1639 annuo
291 1618 353 1639 suo
370 1608 521 1640 circuitu
533 1608 678 1650 ponitur
690 1619 807 1650 quam,
825 1608 920 1650 quod
935 1608 1065 1651 passim
1082 1608 1135 1648 fit,
1150 1619 1213 1650 pro
1230 1608 1356 1641 diurno
1444 1608 1572 1641 exacti-3
1583 1608 1632 1640 bis
1647 1619 1707 1640 sex

158 1657 230 1690 iam
245 1658 380 1698 solibus,
400 1659 686 1691 dodecaeteridos
702 1660 891 1692 interuallo
906 1672 914 1699 ;
937 1670 1028 1702 quae
1043 1664 1118 1692 tam
1133 1664 1256 1702 aperta
1268 1670 1309 1692 ac
1321 1659 1516 1692 necessaria
1527 1659 1705 1692 sententia

159 1713 266 1742 estut
283 1710 451 1743 miraculo
467 1711 515 1743 sit
536 1714 572 1743 et
593 1710 806 1753 Scaligerum
825 1711 878 1743 ed.
901 1713 916 1743 1
936 1717 972 1743 et
993 1711 1116 1744 eodem
1137 1712 1339 1744 reuolutum
1358 1710 1559 1743 Bentleium
1581 1710 1710 1744 solibus>

157 1760 191 1792 in
222 1761 388 1794 mensibus
425 1764 579 1794 mutasse
754 1762 905 1793 548-559
942 1762 1027 1795 haec
1064 1763 1182 1805 Fayus
1220 1766 1256 1794 et
1294 1762 1476 1794 Breiterus
1509 1762 1596 1794 adeo
1634 1773 1703 1794 non

159 1816 328 1853 ceperunt
355 1815 396 1845 ut
426 1813 476 1845 eis
506 1813 679 1845 contineri
710 1814 895 1846 crederent
925 1814 1176 1846 refutationem
1206 1814 1353 1846 rationis
1383 1813 1543 1845 uersibus
1573 1814 1702 1849 537-47

156 1863 326 1904 prolatae.
375 1865 578 1896 continetur
594 1864 785 1907 explicatio
804 1865 879 1897 eius
899 1865 993 1907 quod
1014 1876 1072 1898 uu.
1098 1866 1163 1898 543
1179 1876 1229 1907 sq.
1250 1865 1385 1897 dictum
1406 1867 1471 1905 est,
1490 1875 1702 1906 quamquam

156 1915 247 1947 socia
266 1921 454 1948 nascantur
475 1916 605 1957 oriyine
627 1921 746 1949 cuncta
768 1916 772 1958 Ι
791 1916 947 1949 diuersas
968 1922 1081 1949 tamen
1103 1927 1169 1949 esse
1189 1916 1278 1949 uices
1365 1916 1428 1947 548
1445 1921 1578 1956 cuncta,
1602 1917 1704 1950 uelut

156 1970 257 1999 sexta
273 1968 343 1999 diei
359 1968 456 2006 hora,
475 1970 595 2000 sextus
618 1969 746 2000 mensis
768 1968 854 2007 dies,
873 1972 994 2001 sextus
1014 1970 1097 2001 anni
1118 1969 1257 2008 mensis,
1276 1971 1397 2001 sextus
1416 1968 1704 2002 dodeoaeteridos

157 2028 269 2050 annus
358 2019 421 2050 549
455 2023 496 2052 ut
526 2019 601 2052 cod.
636 2020 754 2059 B0d1.,
783 2024 820 2052 et
846 2023 930 2052 ΘΒΜ
1018 2024 1100 2062 post
1126 2021 1219 2052 hunc
1244 2031 1386 2052 uersum
1414 2020 1569 2052 Huetius
1595 2031 1705 2053 unum

156 2070 329 2102 excidisse
355 2071 504 2110 monuit,
534 2082 636 2113 quem
665 2072 717 2103 ita
742 2072 923 2114 suppleuit
951 2072 1140 2111 Bentleius,
1167 2071 1236 2114 <sic
1263 2071 1327 2104 eric
1348 2076 1396 2110 ut,
1420 2071 1513 2104 mitis
1533 2072 1594 2113 qui
1617 2072 1706 2114 signi

155 2122 293 2154 duxerit
323 2121 490 2164 annum>
520 2123 706 2164 asperioris
736 2128 817 2164 ayac
851 2133 1006 2156 mensem.
1059 2123 1121 2155 sed
1157 2123 1314 2165 superior
1351 2133 1490 2165 quoque
1526 2125 1703 2156 sententia

156 2174 364 2216 imperfecta
383 2179 448 2213 est,
468 2177 510 2206 ut
533 2174 777 2207 desiderentur
799 2186 869 2206 non
893 2175 1007 2207 minus
1032 2174 1113 2214 duo,
1131 2175 1232 2207 uelut
1255 2175 1378 2207 mensis
1398 2179 1428 2207 et
1450 2185 1562 2207 annus
1582 2173 1705 2218 <atque

157 2226 228 2258 dies
259 2231 359 2267 acque
390 2226 477 2257 hora
493 2226 618 2258 simul.-
651 2226 715 2258 sibi
742 2226 914 2267 discrepat
944 2227 1038 2259 ordo.
1062 2227 1066 2269 Ι
1087 2237 1186 2268 saepe
1207 2226 1253 2268 fit
1283 2232 1330 2266 ut,
1361 2226 1454 2259 mitis
1477 2227 1617 2259 tulerint
1643 2228 1706 2270 qui

156 2277 278 2310 sideris
308 2277 474 2320 mmmm>
496 2277 682 2318 asperioris
711 2283 817 2319 aqam
848 2289 993 2310 mensem
1081 2278 1145 2309 550
1175 2282 1284 2316 agant
1314 2279 1460 2311 Ellisius
1490 2282 1584 2312 noct.
1604 2279 1702 2311 Man.

156 2339 190 2371 p.
218 2330 291 2368 107,
314 2333 402 2368 agat
423 2329 493 2361 iam
517 2329 591 2361 cod.
612 2329 705 2361 Flor.
730 2330 871 2372 aliique,
895 2339 1001 2369 agam
1024 2333 1108 2362 GLM
1196 2329 1258 2360 551
1276 2332 1312 2362 et
1328 2329 1392 2361 552
1412 2332 1462 2362 sit
1484 2329 1650 2373 Scaliger,
1672 2333 1703 2363 si

156 2380 238 2412 libri
326 2380 389 2412 553
405 2380 491 2412 nihil
508 2382 544 2412 in
560 2385 666 2413 totum
681 2381 745 2413 sibi
760 2382 904 2421 credere,
923 2382 1057 2414 nullam
1072 2383 1241 2424 temporis
1260 2382 1417 2423 asti-ique
1431 2382 1706 2424 competentiam-

157 2432 266 2464 solam
300 2442 363 2473 per
401 2443 436 2464 se
475 2436 633 2474 spectare
671 2433 758 2465 satis
796 2433 924 2465 habere
1027 2433 1091 2464 554
1127 2435 1238 2470 signis
1268 2436 1294 2465 G
1318 2433 1393 2465 cod.
1414 2433 1575 2465 Venetus
1610 2434 1704 2466 sicut

158 2484 354 2515 coniecerat
371 2484 536 2526 Scaliger,
554 2486 649 2523 signi
671 2487 730 2516 ΒΜ
818 2495 885 2517 non
908 2495 1016 2517 annos
1039 2484 1144 2525 siquis
1167 2484 1308 2517 credere
1331 2485 1385 2517 fas
1408 2488 1474 2524 est,
1499 2484 1565 2517 hoe
1586 2488 1641 2518 est
1660 2485 1710 2518 de-

157 2545 248 2566 anno
279 2535 442 2567 uniuerso
471 2536 522 2567 ita
545 2546 587 2567 ex
604 2535 702 2577 signo
729 2546 792 2567 suo
819 2536 1056 2568 coniecturam
1081 2547 1205 2578 capere
1232 2540 1274 2568 ut
1300 2536 1516 2578 singulorum
1543 2547 1701 2569 mensum

158 2586 293 2618 dierum
310 2586 475 2618 horarum
491 2587 590 2628 signa
605 2597 675 2619 non
697 2588 863 2629 respicias
877 2600 885 2626 3
909 2598 976 2620 ‘non
992 2587 1045 2620 fas
1060 2591 1114 2620 est
1129 2599 1256 2621 menses
1273 2588 1375 2620 annis
1395 2588 1549 2627 credere,
1567 2588 1632 2620 hoc
1648 2591 1704 2620 est

158 2637 201 2669 de
218 2648 335 2669 mense
350 2648 392 2670 ex
409 2638 492 2670 anni
508 2639 563 2670 sui
579 2639 678 2681 signo
694 2639 931 2671 coniecturam
953 2650 1076 2682 capere
1163 2639 1226 2671 557
1247 2642 1329 2672 allis
1353 2639 1456 2672 initio
1476 2639 1545 2671 nisi
1560 2639 1664 2672 fallor
1679 2643 1709 2672 1,,

158 2692 194 2721 et
210 2699 253 2720 ex
266 2699 352 2720 corr.
363 2692 397 2720 Μ
413 2690 505 2721 sicut
519 2690 715 2722 coniecerat
728 2690 894 2732 Scaliger,
911 2693 1004 2722 alius
1017 2694 1077 2722 GM
1089 2693 1125 2723 et
1137 2701 1230 2722 nune
1241 2694 1275 2730 1.‚
1291 2691 1389 2723 aliud
1402 2690 1702 2733 Regiomontanus

245 2742 346 2772 adest
361 2740 435 2779 GL²‚
454 2744 509 2772 est
524 2744 582 2772 ΒΜ
671 2744 809 2784 tempus
831 2743 981 2784 quoduis
1004 2743 1107 2774 modo
1128 2743 1228 2775 deest
1249 2742 1326 2774 aliis
1347 2742 1575 2784 temporibus,
1596 2742 1701 2774 modo

159 2791 209 2824 eis
235 2791 347 2830 adest,
377 2791 475 2824 uelut
503 2792 577 2824 dies
604 2794 715 2825 mensi
741 2804 902 2836 annoque
989 2793 1052 2825 558
1079 2797 1188 2833 atque
1215 2793 1288 2833 GL2,
1321 2797 1460 2833 autqua
1483 2796 1542 2826 m
1629 2794 1703 2827 alio

158 2848 312 2875 metatur
342 2848 488 2884 tempore
525 2844 612 2876 satis
649 2847 743 2877 recte
782 2846 898 2887 Fayus
941 2846 1120 2878 ‘uariatur
1150 2845 1194 2878 ab
1230 2846 1299 2878 alio
1329 2845 1505 2888 tempore'
1543 2850 1702 2886 enarrat,
