1877 3146
209 125 267 164 32
808 121 870 164 M.
902 120 1154 162 MANILII

389 233 628 289 degrediere
647 232 785 282 simul,
807 232 943 287 fugiet
962 246 1059 287 pars
1080 231 1213 273 altera
1232 236 1382 281 terrae,

267 316 335 348 330
391 309 523 350 altera
542 307 752 349 reddetur.
812 306 898 356 sed,
922 311 1132 361 quantum
1152 306 1362 347 inflexeris
1382 306 1540 356 orbem,

390 387 563 423 tantum
582 380 804 422 inclinabit
823 380 926 421 caeli
946 379 1137 434 positura
1157 379 1356 430 uolantis,

393 461 435 497 et
455 455 581 496 modo
602 469 711 509 quae
730 454 900 495 fuerant
919 453 1135 509 surgentia
1155 453 1290 495 limite
1309 459 1424 495 recto

391 529 527 571 sidera
547 533 725 570 curuato
745 528 954 569 ducentur
973 527 1017 568 in
1037 528 1210 569 aethera
1229 532 1385 578 tractu,

392 609 522 658 atque
542 603 621 645 erit
640 602 812 657 obliquo
831 602 1049 657 signorum
1068 602 1235 643 balteus
1256 602 1356 643 orbe

267 686 337 718 335
393 678 464 733 qui
485 683 750 719 transuersus
771 682 873 726 erat,
895 676 1026 718 statio
1048 676 1220 731 quando
1239 676 1349 717 illius
1369 691 1455 717 una
1476 681 1552 726 est,

392 757 561 794 nostrae
581 756 805 793 mutantur
824 751 955 792 sedes.
1016 765 1112 805 ergo
1132 750 1225 805 ipsa
1244 750 1404 791 moueri

391 832 585 881 tempora
604 825 692 866 iam
711 825 821 866 ratio
842 825 954 880 cogit
973 825 1197 879 uariosque
1216 824 1368 865 referre

391 900 470 942 sub
489 900 567 942 tali
586 899 754 955 regione
774 899 875 949 dies,
898 913 995 940 cum
1014 898 1152 940 sidera
1172 898 1281 940 flexo

393 974 538 1016 ordine
558 974 784 1016 conficiant
804 988 949 1015 cursus
970 973 1143 1028 obliqua
1163 973 1381 1028 malignos,

268 1057 336 1088 340
392 1049 555 1104 longius
575 1055 705 1103 atque
725 1048 815 1089 aliis
837 1048 953 1090 aliud
972 1047 1200 1102 propiusue
1219 1047 1451 1088 recumbat.

393 1138 468 1179 pro
488 1123 627 1178 spatio
648 1137 765 1164 mora
786 1136 939 1177 magna
959 1122 1087 1163 datur
1107 1136 1114 1163 :
1153 1136 1262 1176 quae
1282 1121 1475 1176 proxima
1494 1120 1617 1162 nobis

212 1310 369 1342 membra
392 1309 593 1342 distributis
618 1309 692 1341 dixi
716 1309 760 1341 ad
785 1319 797 1341 1
821 1310 884 1341 269
908 1320 981 1350 sq.;
1010 1309 1103 1350 quod
1128 1311 1243 1340 autem
1269 1308 1416 1350 simplex
1440 1308 1604 1340 scandens
1625 1318 1754 1349 ponere

213 1363 338 1394 maluit
361 1372 465 1404 quam
489 1361 543 1392 bis
567 1362 621 1393 uti
645 1360 900 1393 conscendendi
923 1360 1042 1399 uerbo,
1062 1360 1112 1391 ita
1136 1360 1250 1391 solent
1270 1363 1404 1401 poetae,
1425 1359 1525 1390 uelut
1540 1359 1582 1391 63
1597 1358 1755 1390 euincunt

211 1414 325 1446 stellas
355 1424 413 1445 nec
443 1424 511 1444 non
542 1412 727 1444 uincuntur
759 1417 787 1443 et
819 1412 907 1452 ipsa,
939 1411 1041 1444 Ouid.
1071 1414 1153 1443 met.
1185 1420 1257 1442 XIII
1289 1412 1352 1443 345
1382 1411 1511 1451 eripere
1541 1411 1624 1442 aede
1653 1410 1754 1441 deam

212 1471 417 1506 raptamque
448 1464 588 1505 adferre
615 1475 680 1505 per
710 1464 826 1501 hostes,
858 1463 937 1495 fast.
970 1472 1015 1494 III
1046 1464 1088 1495 25
1118 1464 1285 1504 lanquida
1315 1463 1485 1503 consurqit
1515 1472 1573 1494 nec
1603 1462 1664 1494 scit
1693 1472 1754 1493 cur

208 1517 379 1557 lanyuida
391 1521 510 1557 surqat
591 1515 654 1546 329
670 1518 874 1554 degrediere
891 1518 926 1554 G,
942 1518 1139 1553 dig-rediere
1151 1518 1217 1546 LM.
1269 1515 1353 1546 haec
1367 1514 1532 1546 scandens
1546 1513 1751 1554 defsrediere‚

213 1579 302 1610 quae
329 1571 411 1599 ante
442 1567 643 1599 Bentleium
672 1577 774 1598 nemo
805 1567 910 1608 cepit,
941 1566 1211 1608 explicationem
1242 1566 1422 1608 accipiunt
1452 1565 1495 1596 ab
1526 1574 1540 1596 1
1569 1565 1678 1597 2025
1709 1569 1754 1596 est

213 1620 321 1660 iyitur
359 1620 516 1651 tellus..
536 1644 543 1651 .
573 1619 709 1651 condita
746 1618 782 1650 in
820 1618 932 1650 orbem
951 1619 955 1659 Ι
976 1618 1127 1659 undique
1164 1622 1352 1658 suryentem
1385 1617 1523 1658 pariter
1554 1616 1755 1657 pariterque

212 1672 398 1710 cadentem,
422 1672 487 1704 232
510 1682 559 1713 sq.
578 1671 701 1711 fertur
724 1671 760 1702 in
783 1671 894 1702 orbem
914 1670 917 1711 1
939 1670 1069 1702 uentris
1091 1675 1120 1702 et
1143 1670 1284 1701 acclinis
1302 1669 1440 1711 pariter
1461 1668 1609 1701 decliuia
1631 1667 1753 1709 iunqit,

215 1725 281 1755 240
298 1734 347 1765 sq.
367 1723 514 1763 fallente
539 1723 607 1754 solo
627 1722 773 1754 decliuia
792 1723 894 1762 longya
914 1722 918 1763 1
940 1727 969 1753 et
987 1723 1125 1762 pariter
1144 1726 1298 1760 sumente
1315 1721 1375 1754 uia
1395 1721 1596 1762 pariterque
1617 1721 1754 1753 cadente

299 1775 363 1806 330
393 1775 567 1813 reddetur,
602 1773 859 1806 substituetur:
900 1783 913 1805 I
945 1775 1006 1806 661
1040 1784 1089 1815 sq.
1122 1773 1263 1805 horizm
1294 1773 1392 1804 aliud
1422 1773 1552 1804 caelum
1581 1771 1755 1803 ostendens

212 1827 377 1868 aliudque
401 1826 594 1867 relinquens
613 1827 617 1866 Ι
639 1825 825 1857 dimidium
849 1829 932 1866 teqet
960 1830 989 1857 et
1013 1825 1134 1866 referet
1222 1826 1399 1856 inflexeris
1414 1824 1447 1863 ᾗ,
1471 1825 1647 1855 inflexerit
1673 1822 1754 1854 libri

299 1882 419 1910 orbem
450 1878 614 1919 Scaliger,
641 1881 724 1909 orbe
755 1877 837 1908 libri
925 1877 1093 1918 inflexerit
1124 1877 1213 1908 orbis
1243 1877 1360 1918 Fayus
1390 1875 1575 1914 sententia,
1602 1886 1691 1917 quae
1717 1875 1753 1906 in

217 1931 287 1962 illis
318 1929 485 1971 inflexerit
517 1930 593 1961 orbe
625 1931 699 1961 siue
729 1929 841 1961 orbem
871 1929 968 1960 nulla
995 1932 1059 1967 est,
1087 1929 1304 1970 reciperata5
1339 1927 1399 1959 sed
1426 1927 1564 1959 facilius
1593 1926 1634 1958 fit
1661 1926 1755 1968 quod

215 1983 288 2023 ipse
315 1982 427 2023 posui.
477 1982 593 2013 uiator
620 1982 688 2013 iter
715 1980 876 2012 faciendo
901 1981 1019 2012 orbem
1046 1980 1224 2012 inflectere
1251 1980 1382 2012 dicitur
1408 1979 1529 2011 eodem
1555 1978 1658 2010 modo
1685 1989 1754 2020 quo

213 2033 318 2075 Verg.
345 2034 434 2065 Aen.
466 2042 510 2064 111
538 2034 599 2065 291
629 2032 744 2064 aerias
772 2032 971 2064 Phaeacum
998 2032 1232 2064 abscondimus
1258 2041 1363 2069 arces,
1381 2030 1460 2062 Val.
1489 2030 1540 2062 Fl.
1568 2039 1598 2061 11
1629 2030 1647 2064 7
1675 2034 1753 2062 cem-

211 2085 337 2126 plaque
370 2084 511 2116 Tisaeae
539 2089 694 2124 meryunt
718 2084 854 2125 obliqua
878 2083 1017 2116 Dianae
1106 2083 1167 2113 331
1195 2085 1382 2114 inclinabit
1404 2082 1478 2113 cod.
1499 2081 1591 2113 Flor.
1612 2081 1751 2123 aliique,

209 2139 400 2168 inclinauit
428 2139 513 2167 GLM
601 2138 764 2174 positura
791 2135 865 2174 GL2,
884 2137 1039 2173 posituri
1065 2138 1123 2166 LM
1211 2134 1274 2164 332
1299 2136 1414 2165 limite
1439 2137 1535 2165 recto
1562 2133 1637 2165 cod.
1657 2133 1750 2164 Flor.

212 2188 352 2229 aliique,
380 2190 515 2219 limiter
546 2189 593 2227 (M
624 2191 660 2218 et
690 2198 777 2218 corr.
807 2187 842 2218 in
873 2189 1005 2219 limitet
1034 2190 1068 2225 L,
1101 2188 1229 2218 limitis
1259 2187 1296 2224 G)
1325 2189 1403 2217 octo
1433 2188 1518 2217 GLM
1605 2184 1754 2225 fuerant

212 2239 386 2280 surqentia
413 2243 454 2271 ut
482 2239 612 2271 Catull.
633 2240 675 2271 64
701 2239 764 2273 317
783 2239 931 2279 fuerant
955 2238 1117 2270 extantia.
1167 2237 1335 2278 exemplis
1359 2238 1531 2277 σχήματοσ
1557 2237 1755 2268 Χαλκιδικοῦ

212 2291 258 2323 ad
282 2301 294 2322 Ι
320 2292 383 2323 858
408 2290 539 2322 adlatis
566 2290 736 2322 accedant
761 2299 806 2321 III
834 2291 898 2324 579
925 2295 970 2322 est
988 2315 994 2322 .
1016 2315 1023 2322 .
1044 2315 1051 2322 .
1072 2290 1223 2327 haerens,
1243 2290 1307 2321 644
1333 2299 1383 2330 sq.
1403 2290 1586 2329 referentia
1602 2313 1609 2320 .
1631 2313 1638 2321 .
1660 2313 1667 2321 .
1687 2299 1754 2320 esse

314 2343 377 2374 333
408 2346 581 2375 ducentur
612 2342 897 2381 Bonincontrius,
931 2345 1108 2374 ducuntur
1137 2341 1217 2373 libri
1322 2340 1385 2371 334
1415 2344 1556 2379 obliquo
1586 2339 1751 2382 Scaliger,

211 2397 377 2433 obliquus
401 2398 461 2433 GL,
481 2397 638 2426 oblituus
661 2397 705 2426 M.
754 2395 819 2425 225
844 2394 928 2425 iacet
951 2393 1083 2434 obliquo
1106 2392 1279 2434 simiorum
1303 2392 1448 2425 circulus
1470 2392 1557 2424 orbe.
1601 2391 1755 2433 obliquus

215 2447 244 2478 si
262 2447 460 2488 scripsisset
475 2449 581 2488 poeta
596 2456 666 2477 non
682 2445 878 2477 addidisset
899 2445 974 2477 orbe
989 2457 997 2483 ;
1020 2455 1101 2476 nam
1122 2445 1226 2476 nimis
1247 2445 1366 2486 inepte
1382 2444 1499 2485 Fayus
1515 2446 1551 2475 et
1567 2442 1754 2476 Stoeberus

210 2498 367 2538 obliquus
393 2497 470 2529 orbe
502 2501 538 2529 et
569 2509 602 2529 u.
631 2497 694 2530 335
725 2502 940 2530 transuersus
969 2496 1081 2536 spatio
1108 2497 1200 2528 inter
1227 2507 1263 2528 se
1291 2495 1412 2527 referri
1441 2495 1578 2533 uolunt,
1604 2498 1754 2536 utroque

214 2549 418 2580 abundante
441 2549 599 2581 ablatiuo
687 2548 749 2579 335
774 2551 883 2580 statio
907 2548 1073 2589 Scaliger,
1092 2550 1209 2586 spatio
1231 2547 1313 2579 libri
1401 2546 1463 2577 336
1486 2546 1564 2588 ipsa
1587 2551 1751 2588 tempora,

213 2604 353 2642 praeter
369 2601 481 2632 locum
500 2604 659 2641 tempora
680 2610 818 2641 quoque
918 2599 979 2631 337
1003 2602 1076 2631 iam
1099 2603 1144 2638 M,
1162 2608 1246 2631 nam
1269 2602 1302 2637 L,
1322 2607 1386 2630 nec
1409 2601 1435 2630 G
1533 2601 1653 2630 uarios
1675 2597 1751 2637 (Ηὲ,

213 2661 325 2684 uanos
355 2655 413 2683 ΒΜ
523 2652 586 2682 339
619 2651 798 2692 maliqnos,
832 2651 925 2683 iusto
955 2651 1128 2682 curriculo
1158 2651 1346 2689 breuiores,
1377 2649 1470 2691 quod
1500 2649 1536 2681 in
1567 2649 1754 2681 remotiora

213 2706 352 2734 tantum
393 2703 508 2734 sidera
546 2702 651 2734 cadit.
724 2711 748 2734 v
787 2702 890 2736 79-81
928 2703 1050 2743 prima
1086 2701 1432 2742 tenentemlaymina
1470 2700 1511 2732 in
1548 2700 1753 2742 obliquum

212 2764 354 2786 cursus
377 2754 509 2793 aqitare
533 2753 733 2793 maliqnos
752 2753 757 2795 Ι
778 2753 1027 2794 obstantemque
1048 2764 1146 2785 ‘mora
1163 2758 1268 2785 totum
1285 2752 1509 2794 praecludere
1526 2751 1654 2783 circum

257 2805 317 2835 341
346 2815 472 2845 ‘massua
500 2805 615 2836 media
642 2804 899 2847 significatione
922 2805 1077 2846 positum
1101 2807 1166 2843 est,
1189 2807 1229 2836 ut
1252 2805 1300 2836 sit
1323 2804 1376 2836 uel
1398 2813 1526 2844 maana
1548 2803 1601 2835 uel
1620 2813 1752 2844 parua,

211 2855 507 2899 quemadmodum
542 2856 585 2888 de
619 2857 721 2888 fabae
757 2856 1000 2899 magnitudine
1035 2856 1221 2898 loquimur.
1279 2858 1432 2887 ceterum
1460 2865 1526 2895 pro
1555 2854 1667 2896 spatio
1703 2856 1754 2888 ita
