1877 3146
194 169 248 208 14
787 166 848 209 M.
881 166 1134 208 MANILII

248 285 315 318 150
371 292 518 334 aspera
537 278 627 320 siue
646 278 738 320 foro
757 293 831 333 per
850 278 970 320 litem
989 278 1123 334 iurgia
1145 283 1342 335 temptet,

370 352 642 394 fortunamue
661 357 784 408 petat
803 352 952 408 pelago
971 353 1197 408 uentisque
1215 358 1431 408 sequatur,

369 441 445 469 seu
464 427 656 469 Cererem
674 426 800 482 plena
819 426 1062 469 uincentem
1081 426 1241 470 credita
1261 442 1394 469 messe

370 506 446 543 aut
465 506 634 556 repetat
655 501 873 543 Bacchum
891 515 965 557 per
984 501 1158 557 pinguia
1178 507 1320 544 musta
1339 501 1554 553 fluentem,

371 575 450 617 hac
469 575 513 616 in
532 580 654 631 parte
673 573 762 616 dies
782 580 913 631 atque
933 575 1011 617 hac
1032 580 1249 618 momenta
1267 575 1498 626 dabuntur,

248 657 315 689 155
370 649 405 691 si
425 649 532 691 bene
551 650 806 692 conuenient
825 650 972 692 stellae
991 664 1065 705 per
1083 650 1202 706 signa
1221 655 1456 706 sequentes.

371 738 553 779 quarum
573 739 649 780 ego
668 723 877 780 posterius
896 723 1008 765 uires
1027 724 1070 766 in
1089 729 1320 780 utrumque
1338 724 1521 766 ualentis

371 798 517 840 ordine
535 798 615 840 sub
636 803 752 841 certo
771 798 961 849 reddam,
983 813 1081 840 oum
1099 798 1284 854 pandere
1304 813 1450 841 earum

370 872 572 928 incipiam
592 872 779 915 effectus.
838 887 964 923 nunc,
986 887 1039 914 ne
1057 872 1269 928 permixta
1288 872 1497 929 legentem

371 946 650 998 confundant,
672 946 797 989 nudis
816 947 920 989 satis
941 952 1004 989 est
1024 947 1215 989 insistere
1235 947 1445 989 membris.

249 1027 314 1060 160
426 1026 482 1072 et,
505 1021 708 1076 quoniam
727 1026 843 1063 certo
863 1021 1048 1077 digestos
1068 1021 1168 1063 orbe
1186 1021 1350 1063 labores

371 1095 628 1151 nominaque
648 1095 690 1137 in
711 1110 936 1137 numerum
955 1095 1150 1151 uiresque
1170 1096 1383 1152 exegimus
1403 1110 1548 1138 omnes

371 1169 508 1223 (athla
527 1175 685 1212 uocant
705 1169 818 1220 Grai,
841 1184 950 1225 quae
969 1175 1124 1212 cuncta
1143 1170 1313 1226 negotia
1332 1185 1473 1212 rerum

189 1281 322 1303 amores
341 1271 345 1313 Ι
367 1271 403 1303 in
422 1274 539 1304 uarios
627 1271 687 1302 151
713 1282 753 1303 ue
777 1282 841 1313 pro
866 1270 937 1303 siue
960 1274 1002 1303 ut
1024 1271 1129 1303 Aetn.
1153 1272 1282 1304 358-60
1308 1271 1393 1304 siue
1411 1271 1603 1313 pereqrinis
1625 1271 1734 1313 iqitur

184 1322 393 1364 propriisue
416 1322 596 1364 (Scaliger,
615 1333 677 1363 que
695 1322 791 1362 libri)
808 1327 959 1364 polentes
980 1322 985 1363 Ι
1004 1322 1184 1355 coniurant
1206 1322 1344 1354 animae
1364 1322 1487 1362 causis,
1510 1323 1567 1355 ille
1587 1322 1733 1365 impetus

187 1374 280 1414 iynes
293 1399 300 1406 .
316 1399 323 1406 .
339 1399 346 1406 .
363 1374 542 1406 subuectat.
586 1377 708 1406 contra
718 1379 778 1406 aut
796 1385 827 1406 u.
841 1375 902 1406 153
915 1377 1055 1406 tantum
1069 1374 1138 1406 duo
1149 1375 1290 1406 nomina
1300 1375 1493 1415 coniungit,
1508 1374 1663 1408 Cererem
1672 1379 1734 1407 aut

189 1426 364 1458 Bacchum
453 1435 476 1457 v
497 1427 540 1457 42
559 1436 610 1468 sq.
635 1426 807 1467 uenlisqzce
826 1431 983 1467 sequetur
1001 1426 1006 1467 Ι
1018 1425 1206 1466 fortunam
1295 1425 1357 1457 152
1377 1429 1483 1465 plena
1499 1426 1573 1466 (ΗΡ,
1591 1429 1734 1465 plenam

188 1480 247 1509 ΒΜ
336 1486 361 1509 v
383 1478 490 1512 273—5
514 1477 707 1519 seminaque
731 1478 767 1509 in
784 1477 915 1518 faenus
942 1477 1080 1509 sulcatis
1104 1478 1238 1510 credere
1265 1477 1366 1509 terris
1387 1478 1391 1519 Ι
1410 1488 1617 1520 usuramque
1639 1477 1735 1520 sequi

188 1528 353 1561 maiorem
373 1534 460 1561 sorte
480 1528 622 1569 receptis
643 1528 647 1570 Ι
658 1528 825 1569 fruyibus
847 1529 1045 1568 innumeris,
1065 1529 1180 1561 Germ.
1204 1529 1290 1571 frag.
1312 1538 1352 1560 1v
1368 1530 1388 1561 3
1404 1528 1599 1561 commissas
1617 1529 1734 1563 C'ereri

178 1580 324 1622 fruyes:
350 1580 490 1612 diuersa
507 1581 643 1612 ratione
665 1580 769 1613 Ouid.
793 1584 858 1612 art.
885 1589 899 1612 1
920 1582 981 1613 401
1005 1591 1063 1613 nec
1083 1591 1214 1622 semper
1234 1581 1403 1613 credenda
1428 1580 1527 1614 Ceres
1539 1580 1734 1622 fallacibus

189 1632 287 1664 aruis
366 1631 428 1663 153
443 1636 563 1664 musta
575 1635 635 1670 GL,
648 1635 764 1664 multa
775 1636 820 1671 M,
833 1633 933 1674 peius
946 1631 1039 1664 idem
1052 1633 1115 1664 663
1129 1633 1164 1663 in
1176 1632 1268 1664 uicta
1345 1636 1427 1674 post
1440 1632 1532 1664 hunc
1543 1643 1683 1665 uersum
1696 1632 1734 1664 in

189 1686 222 1716 M
241 1683 368 1716 titulus
385 1687 438 1715 est
455 1684 621 1725 quomodo
627 1683 797 1725 fortunae
813 1684 905 1716 locus
920 1684 1128 1722 inueniatur,
1151 1683 1278 1715 deinde
1301 1683 1362 1715 175
1388 1683 1471 1723 1763
1505 1695 1594 1726 quae
1615 1684 1733 1716 omnia

189 1735 297 1767 etiam
314 1746 376 1767 suo
392 1735 467 1767 loco
483 1735 669 1767 habentur.
713 1735 834 1767 eadem
851 1736 886 1767 in
903 1739 926 1767 1.
942 1739 1025 1767 ante
1041 1746 1198 1767 rasuram
1214 1735 1323 1767 fuisse
1339 1736 1426 1767 satis
1441 1739 1538 1768 certo
1554 1735 1735 1777 colligitur

189 1797 232 1819 ex
258 1787 398 1819 indiciis
423 1788 459 1818 in
484 1797 524 1819 eo
548 1786 813 1829 superstitibus,
841 1787 884 1818 de
908 1787 1036 1829 quibus
1063 1787 1257 1819 Bechertus
1279 1787 1367 1819 falsa
1390 1787 1543 1826 rettulit,
1568 1787 1734 1829 propiora

190 1849 274 1870 uero
289 1837 447 1870 Iacobus.
497 1838 533 1870 in
550 1841 575 1870 G
590 1838 681 1870 nihil
697 1842 751 1870 est
768 1838 847 1870 uitii
939 1838 1001 1869 154
1023 1841 1090 1870 hac
1110 1837 1285 1880 posterius
1307 1838 1436 1880 Fayus,
1456 1841 1543 1870 haee
1563 1838 1646 1870 libri

233 1889 305 1922 dies
335 1893 372 1922 et
402 1894 571 1922 momenta
601 1890 698 1932 operi
736 1889 973 1932 aggrediendo
1011 1893 1095 1932 apta
1133 1890 1208 1921 siue
1239 1892 1416 1931 ἕμπρακτα,
1451 1901 1556 1932 quam
1594 1893 1733 1932 partem

191 1941 401 1982 astrologiae
425 1941 650 1982 appellabant
674 1942 857 1982 καταρχάσ,
884 1942 1079 1982 expositam
1103 1941 1199 1973 illam
1222 1952 1242 1972 a
1260 1941 1415 1973 Maximo
1432 1942 1467 1973 in
1486 1941 1640 1973 carmine
1662 1943 1733 1982 περὶ

190 1995 361 2034 καταρχῶν
386 1993 556 2035 inscripto
587 1997 623 2024 et
653 1997 735 2034 post
767 1993 983 2024 Dorotheum
1014 1993 1058 2024 ab
1089 1992 1353 2034 Hephaestione
1382 1992 1442 2025 lib.
1478 2001 1534 2025 111.
1583 1992 1661 2025 qu.
1692 2002 1733 2026 VI

190 2045 298 2078 5774)
322 2044 369 2075 ad
387 2044 542 2084 primum
560 2043 713 2084 lapidem
732 2044 863 2076 uectari
880 2044 911 2076 si
924 2044 1050 2085 placet,
1074 2044 1160 2076 hora
1180 2045 1184 2086 l
1205 2044 1353 2076 sumitur
1376 2055 1417 2076 ecc
1436 2044 1522 2076 libro
1533 2055 1548 2083 ,·
1569 2045 1599 2076 si
1616 2044 1734 2085 prurit

181 2095 312 2136 frictus
334 2095 430 2128 ocelli
448 2095 452 2137 Ι
474 2096 631 2136 angulus,
659 2095 809 2136 inspecta
832 2095 944 2136 qenesi
959 2095 1103 2137 collyria
1120 2095 1251 2136 poscit;
1283 2095 1365 2127 uide
1386 2095 1493 2127 etiam
1515 2095 1669 2128 Plinium
1687 2095 1734 2128 ad

193 2148 255 2179 142
271 2146 428 2179 adlatum
520 2147 579 2178 157
604 2156 726 2179 earum
754 2147 920 2189 Scaliger,
946 2156 1066 2179 rerum
1089 2147 1180 2179 libri.
1230 2157 1349 2179 earum
1364 2151 1534 2189 quattuor
1550 2147 1734 2179 minimum

190 2201 374 2241 praeterea
389 2200 573 2240 poetarum
590 2199 674 2230 locis
691 2202 803 2238 extat,
824 2198 926 2231 Lucr.
947 2207 992 2230 111
1012 2199 1087 2237 900,
1109 2208 1129 2229 v
1145 2199 1220 2237 532,
1241 2198 1370 2231 Catuli.
1391 2199 1433 2231 63
1448 2200 1502 2238 54,
1522 2199 1608 2231 Hor.
1627 2210 1730 2232 serm.

191 2259 220 2282 11
253 2251 271 2282 8
303 2251 355 2288 92,
390 2260 505 2282 eorum
536 2254 572 2281 et
603 2259 631 2281 11
663 2250 726 2282 356
757 2253 793 2282 et
823 2251 954 2292 passim
985 2249 1078 2291 apud
1112 2250 1314 2282 Lucretium
1415 2249 1476 2281 158
1502 2253 1647 2282 effectus
1671 2253 1732 2289 GL,

191 2305 339 2334 affectus
360 2304 394 2332 Μ
478 2301 652 2342 permina
678 2301 845 2340 membra,
873 2301 966 2343 quod
990 2312 1032 2332 ex
1054 2301 1210 2333 membris
1227 2312 1260 2333 u.
1283 2303 1344 2333 159
1360 2301 1526 2333 auditur:
1551 2310 1581 2333 11
1597 2302 1662 2334 830
1675 2312 1734 2334 nec

191 2353 283 2394 capit
300 2358 485 2391 eoeternum,
500 2353 646 2394 proprio
662 2352 746 2394 quia
761 2352 895 2384 nomine
908 2353 1043 2393 [laudet.
1058 2353 1166 2385 Mart.
1187 2361 1232 2384 111
1249 2354 1292 2385 50
1307 2354 1326 2385 8
1341 2353 1484 2394 putidus
1499 2357 1556 2392 esc,
1572 2352 1690 2385 totiens
1704 2352 1736 2385 si

191 2404 277 2436 mihi
294 2404 397 2445 ponis
420 2415 546 2445 aprum
635 2404 785 2435 160-202
809 2415 884 2436 sors
908 2404 1085 2436 Fortunae
1104 2404 1278 2446 quomodo
1301 2404 1513 2436 inuenienda
1535 2404 1584 2436 sit
1672 2403 1732 2435 161

191 2456 228 2487 in
252 2466 441 2495 numerum,
468 2456 519 2487 ita
547 2460 587 2487 ut
611 2456 760 2497 primam
784 2460 914 2487 sortem
942 2459 1110 2497 sequatur
1133 2455 1297 2494 secunda,
1323 2455 1512 2488 secundam
1538 2455 1658 2495 tertia,
1684 2455 1735 2488 sic

192 2507 366 2549 deinceps.
415 2507 520 2548 Verg.
556 2507 643 2538 Aen.
676 2516 720 2538 111
748 2509 812 2539 445
843 2518 892 2549 sq.
928 2517 1155 2548 quaecumque
1180 2507 1217 2538 in
1238 2507 1340 2548 foliis
1369 2507 1547 2548 descripsit
1577 2506 1736 2539 carmina

191 2559 290 2599 uiryo
312 2558 317 2600 Ι
335 2558 459 2599 diyerz'l
476 2558 511 2589 in
529 2569 716 2597 numerum,
738 2557 798 2590 ubi
815 2558 957 2590 Seruius
974 2558 1010 2590 in
1025 2569 1215 2598 numerum,
1234 2558 1270 2590 in
1286 2558 1451 2597 ordinem,
1470 2564 1506 2590 ut
1526 2557 1736 2591 continuatio

193 2609 386 2642 carminum
406 2609 487 2650 fiat.
548 2609 626 2641 dico
653 2613 798 2651 propter
822 2609 970 2651 Fayum,
1000 2610 1060 2651 qui
1095 2610 1152 2641 ‘in
1184 2610 1348 2642 carminis
1378 2609 1596 2642 mensuram'
1627 2610 1734 2642 inter-

191 2664 354 2703 pretatur
370 2661 498 2692 collato
515 2670 527 2692 1
547 2662 586 2692 19
676 2660 738 2691 162
763 2660 824 2691 163
847 2661 887 2693 F.
907 2661 1030 2693 Iunius
1046 2661 1271 2703 parenthesin
1293 2661 1390 2700 fecit,
1413 2672 1434 2692 a
1453 2671 1522 2703 quo
1543 2663 1736 2693 commotus

193 2712 347 2754 Scaliger
364 2715 504 2744 tantum
522 2712 590 2744 tria
608 2711 714 2743 uerba
730 2712 827 2744 athla
843 2717 965 2744 uocant
984 2712 1072 2744 Grai
1093 2712 1302 2744 interclusit.
1352 2712 1413 2744 sed
1433 2722 1519 2754 quae
1540 2711 1585 2744 ad
1605 2712 1736 2744 labores

193 2763 315 2796 referri
332 2774 455 2801 sermo,
475 2763 520 2794 ad
536 2763 665 2795 labores
681 2763 886 2804 nominaque
901 2763 1056 2804 uiresque
1072 2774 1193 2795 seusus
1209 2775 1278 2795 non
1299 2764 1436 2806 patitur
1450 2776 1457 2795 ε
1481 2763 1570 2795 illud
1591 2763 1735 2803 dicitur,

193 2815 317 2847 Graios
343 2814 520 2846 athlorum
547 2814 687 2846 nomine
714 2814 892 2856 appellare
917 2825 958 2846 ea
983 2815 1019 2846 in
1047 2814 1174 2856 quibus
1199 2819 1327 2847 cuncta
1351 2825 1467 2846 rerum
1495 2814 1635 2856 negotia
1657 2824 1735 2846 con-

192 2866 384 2898 tineantur.
435 2875 521 2907 quos
537 2865 661 2897 Graios
676 2865 851 2907 significet
867 2865 1032 2898 nescitur.
1081 2866 1178 2898 athla
1194 2877 1257 2908 pro
1273 2865 1460 2904 laboribus,
1478 2866 1579 2908 quasi
1599 2867 1734 2905 ἄθλουσ,

192 2917 260 2949 iam
277 2917 393 2949 Varro
408 2920 573 2958 posuerat
591 2916 682 2948 Non.
703 2927 735 2958 p.
756 2917 820 2949 528
840 2927 880 2949 ex
895 2916 949 2949 his
964 2922 1065 2958 atque
1082 2917 1153 2949 eius
1169 2917 1263 2949 modi
1279 2917 1442 2949 institutis
1463 2927 1503 2950 ac
1522 2917 1597 2950 uita
1614 2917 1668 2949 uel
1688 2917 1738 2949 ad
