<?xml version="1.0" encoding="UTF-8"?>
<!DOCTYPE html PUBLIC "-//W3C//DTD XHTML 1.0 Transitional//EN"
    "http://www.w3.org/TR/xhtml1/DTD/xhtml1-transitional.dtd">
<html xmlns="http://www.w3.org/1999/xhtml" xml:lang="en" lang="en">
 <head>
  <title>
</title>
<meta http-equiv="Content-Type" content="text/html;charset=utf-8" />
  <meta name='ocr-system' content='tesseract 3.04.00' />
  <meta name='ocr-capabilities' content='ocr_page ocr_carea ocr_par ocr_line ocrx_word'/>
</head>
<body>
  <div class='ocr_page' id='page_1' title='image "astronomiconrece03maniuoft_0042.png"; bbox 0 0 1877 3146; ppageno 0'>
   <div class='ocr_carea' id='block_1_1' title="bbox 221 155 1161 201">
    <p class='ocr_par' dir='ltr' id='par_1_1' title="bbox 221 155 1161 201">
     <span class='ocr_line' id='line_1_1' title="bbox 221 155 1161 201; baseline -0.005 0"><span class='ocrx_word' id='word_1_1' title='bbox 221 163 247 201; x_wconf 87' lang='grc'>8</span> <span class='ocrx_word' id='word_1_2' title='bbox 814 155 875 197; x_wconf 90' lang='lat' dir='ltr'>M.</span> <span class='ocrx_word' id='word_1_3' title='bbox 909 155 1161 197; x_wconf 85' lang='lat' dir='ltr'>MANILII</span> 
     </span>
    </p>
   </div>
   <div class='ocr_carea' id='block_1_2' title="bbox 299 267 1633 1068">
    <p class='ocr_par' dir='ltr' id='par_1_2' title="bbox 398 267 1548 546">
     <span class='ocr_line' id='line_1_2' title="bbox 399 267 1548 324; baseline -0.003 -12"><span class='ocrx_word' id='word_1_4' title='bbox 399 269 502 312; x_wconf 91' lang='lat' dir='ltr'>ordo</span> <span class='ocrx_word' id='word_1_5' title='bbox 522 269 674 311; x_wconf 88' lang='lat' dir='ltr'>ducem</span> <span class='ocrx_word' id='word_1_6' title='bbox 692 268 885 324; x_wconf 86' lang='lat' dir='ltr'>sequitur</span> <span class='ocrx_word' id='word_1_7' title='bbox 905 267 1038 309; x_wconf 86' lang='lat' dir='ltr'>donec</span> <span class='ocrx_word' id='word_1_8' title='bbox 1058 267 1177 309; x_wconf 77' lang='lat' dir='ltr'>uenit</span> <span class='ocrx_word' id='word_1_9' title='bbox 1197 267 1308 309; x_wconf 84' lang='lat' dir='ltr'>orbis</span> <span class='ocrx_word' id='word_1_10' title='bbox 1329 267 1372 308; x_wconf 91' lang='lat' dir='ltr'>in</span> <span class='ocrx_word' id='word_1_11' title='bbox 1392 267 1548 309; x_wconf 87' lang='lat' dir='ltr'>orbem.</span> 
     </span>
     <span class='ocr_line' id='line_1_3' title="bbox 399 342 1372 397; baseline -0.004 -11"><span class='ocrx_word' id='word_1_12' title='bbox 399 345 475 386; x_wconf 87' lang='lat' dir='ltr'>has</span> <span class='ocrx_word' id='word_1_13' title='bbox 495 350 641 386; x_wconf 87' lang='lat' dir='ltr'>autem</span> <span class='ocrx_word' id='word_1_14' title='bbox 660 343 788 384; x_wconf 82' lang='lat' dir='ltr'>facies</span> <span class='ocrx_word' id='word_1_15' title='bbox 809 357 949 383; x_wconf 91' lang='lat' dir='ltr'>rerum</span> <span class='ocrx_word' id='word_1_16' title='bbox 968 357 1042 397; x_wconf 87' lang='lat' dir='ltr'>per</span> <span class='ocrx_word' id='word_1_17' title='bbox 1061 342 1179 397; x_wconf 86' lang='lat' dir='ltr'>signa</span> <span class='ocrx_word' id='word_1_18' title='bbox 1199 342 1372 390; x_wconf 85' lang='lat' dir='ltr'>locatas,</span> 
     </span>
     <span class='ocr_line' id='line_1_4' title="bbox 398 415 1480 473; baseline -0.003 -14"><span class='ocrx_word' id='word_1_19' title='bbox 398 418 442 459; x_wconf 90' lang='lat' dir='ltr'>in</span> <span class='ocrx_word' id='word_1_20' title='bbox 462 418 615 473; x_wconf 78' lang='lat' dir='ltr'>quibus</span> <span class='ocrx_word' id='word_1_21' title='bbox 636 417 772 458; x_wconf 83' lang='lat' dir='ltr'>omnis</span> <span class='ocrx_word' id='word_1_22' title='bbox 794 417 873 457; x_wconf 89' lang='lat' dir='ltr'>erit</span> <span class='ocrx_word' id='word_1_23' title='bbox 893 416 1090 457; x_wconf 73' lang='lat' dir='ltr'>fortunae</span> <span class='ocrx_word' id='word_1_24' title='bbox 1110 415 1280 457; x_wconf 84' lang='lat' dir='ltr'>condita</span> <span class='ocrx_word' id='word_1_25' title='bbox 1300 430 1480 464; x_wconf 86' lang='lat' dir='ltr'>summa,</span> 
     </span>
     <span class='ocr_line' id='line_1_5' title="bbox 398 490 1420 546; baseline -0.003 -12"><span class='ocrx_word' id='word_1_26' title='bbox 398 498 448 534; x_wconf 92' lang='lat' dir='ltr'>ut</span> <span class='ocrx_word' id='word_1_27' title='bbox 469 507 593 534; x_wconf 85' lang='lat' dir='ltr'>cursu</span> <span class='ocrx_word' id='word_1_28' title='bbox 612 492 759 533; x_wconf 82' lang='lat' dir='ltr'>stellae</span> <span class='ocrx_word' id='word_1_29' title='bbox 779 497 944 546; x_wconf 87' lang='lat' dir='ltr'>septem</span> <span class='ocrx_word' id='word_1_30' title='bbox 963 490 1194 531; x_wconf 86' lang='lat' dir='ltr'>laeduntue</span> <span class='ocrx_word' id='word_1_31' title='bbox 1215 490 1420 531; x_wconf 84' lang='lat' dir='ltr'>iuuantue</span> 
     </span>
    </p>

    <p class='ocr_par' dir='ltr' id='par_1_3' title="bbox 299 563 1508 919">
     <span class='ocr_line' id='line_1_6' title="bbox 299 563 1482 620; baseline -0.002 -13"><span class='ocrx_word' id='word_1_32' title='bbox 299 575 344 607; x_wconf 86' lang='lat'>90</span> <span class='ocrx_word' id='word_1_33' title='bbox 399 566 696 608; x_wconf 83' lang='lat' dir='ltr'>cardinibusue</span> <span class='ocrx_word' id='word_1_34' title='bbox 717 571 862 607; x_wconf 90' lang='lat' dir='ltr'>mouet</span> <span class='ocrx_word' id='word_1_35' title='bbox 882 565 1028 606; x_wconf 86' lang='lat' dir='ltr'>diuina</span> <span class='ocrx_word' id='word_1_36' title='bbox 1049 565 1241 620; x_wconf 83' lang='lat' dir='ltr'>pot-entia</span> <span class='ocrx_word' id='word_1_37' title='bbox 1262 563 1482 614; x_wconf 88' lang='lat' dir='ltr'>mundum,</span> 
     </span>
     <span class='ocr_line' id='line_1_7' title="bbox 399 628 1392 694; baseline -0.002 -12"><span class='ocrx_word' id='word_1_38' title='bbox 399 641 458 682; x_wconf 88' lang='lat' dir='ltr'>sic</span> <span class='ocrx_word' id='word_1_39' title='bbox 478 628 579 682; x_wconf 78' lang='lat' dir='ltr'>felix</span> <span class='ocrx_word' id='word_1_40' title='bbox 599 646 675 682; x_wconf 84' lang='lat' dir='ltr'>aut</span> <span class='ocrx_word' id='word_1_41' title='bbox 694 640 817 681; x_wconf 88' lang='lat' dir='ltr'>triste</span> <span class='ocrx_word' id='word_1_42' title='bbox 837 639 955 681; x_wconf 89' lang='lat' dir='ltr'>uenit</span> <span class='ocrx_word' id='word_1_43' title='bbox 976 654 1049 694; x_wconf 91' lang='lat' dir='ltr'>per</span> <span class='ocrx_word' id='word_1_44' title='bbox 1068 639 1230 694; x_wconf 83' lang='lat' dir='ltr'>singula</span> <span class='ocrx_word' id='word_1_45' title='bbox 1252 639 1392 680; x_wconf 84' lang='lat' dir='ltr'>fatum</span> 
     </span>
     <span class='ocr_line' id='line_1_8' title="bbox 399 714 1286 770; baseline -0.002 -13"><span class='ocrx_word' id='word_1_46' title='bbox 399 716 497 757; x_wconf 86' lang='lat' dir='ltr'>talis</span> <span class='ocrx_word' id='word_1_47' title='bbox 519 721 561 757; x_wconf 91' lang='lat' dir='ltr'>et</span> <span class='ocrx_word' id='word_1_48' title='bbox 581 715 690 756; x_wconf 90' lang='lat' dir='ltr'>illius</span> <span class='ocrx_word' id='word_1_49' title='bbox 710 729 799 756; x_wconf 87' lang='lat' dir='ltr'>sors</span> <span class='ocrx_word' id='word_1_50' title='bbox 821 721 884 756; x_wconf 86' lang='lat' dir='ltr'>est</span> <span class='ocrx_word' id='word_1_51' title='bbox 903 714 1112 770; x_wconf 85' lang='lat' dir='ltr'>speranda</span> <span class='ocrx_word' id='word_1_52' title='bbox 1132 714 1286 769; x_wconf 84' lang='lat' dir='ltr'>negoti.</span> 
     </span>
     <span class='ocr_line' id='line_1_9' title="bbox 400 786 1508 831; baseline -0.002 0"><span class='ocrx_word' id='word_1_53' title='bbox 400 790 502 831; x_wconf 86' lang='lat' dir='ltr'>haee</span> <span class='ocrx_word' id='word_1_54' title='bbox 524 790 626 831; x_wconf 74' lang='lat' dir='ltr'>mjhj</span> <span class='ocrx_word' id='word_1_55' title='bbox 645 789 837 831; x_wconf 83' lang='lat' dir='ltr'>sollemni</span> <span class='ocrx_word' id='word_1_56' title='bbox 856 795 958 830; x_wconf 87' lang='lat' dir='ltr'>sunt</span> <span class='ocrx_word' id='word_1_57' title='bbox 979 788 1124 830; x_wconf 88' lang='lat' dir='ltr'>ordine</span> <span class='ocrx_word' id='word_1_58' title='bbox 1145 794 1299 830; x_wconf 81' lang='lat' dir='ltr'>cuncta</span> <span class='ocrx_word' id='word_1_59' title='bbox 1319 786 1508 829; x_wconf 87' lang='lat' dir='ltr'>canenda</span> 
     </span>
     <span class='ocr_line' id='line_1_10' title="bbox 400 863 1349 919; baseline -0.002 -13"><span class='ocrx_word' id='word_1_60' title='bbox 400 870 443 906; x_wconf 90' lang='lat' dir='ltr'>et</span> <span class='ocrx_word' id='word_1_61' title='bbox 462 864 600 906; x_wconf 87' lang='lat' dir='ltr'>titulis</span> <span class='ocrx_word' id='word_1_62' title='bbox 619 864 825 919; x_wconf 83' lang='lat' dir='ltr'>signanda</span> <span class='ocrx_word' id='word_1_63' title='bbox 845 864 931 905; x_wconf 88' lang='lat' dir='ltr'>suis</span> <span class='ocrx_word' id='word_1_64' title='bbox 952 878 1175 918; x_wconf 81' lang='lat' dir='ltr'>rerumque</span> <span class='ocrx_word' id='word_1_65' title='bbox 1194 863 1349 918; x_wconf 85' lang='lat' dir='ltr'>figuris,</span> 
     </span>
    </p>

    <p class='ocr_par' dir='ltr' id='par_1_4' title="bbox 299 939 1529 994">
     <span class='ocr_line' id='line_1_11' title="bbox 299 939 1529 994; baseline -0.001 -15"><span class='ocrx_word' id='word_1_66' title='bbox 299 948 344 979; x_wconf 88' lang='grc'>95</span> <span class='ocrx_word' id='word_1_67' title='bbox 398 944 448 981; x_wconf 87' lang='lat' dir='ltr'>ut</span> <span class='ocrx_word' id='word_1_68' title='bbox 468 944 617 994; x_wconf 84' lang='lat' dir='ltr'>pateat</span> <span class='ocrx_word' id='word_1_69' title='bbox 638 939 828 994; x_wconf 86' lang='lat' dir='ltr'>positura</span> <span class='ocrx_word' id='word_1_70' title='bbox 849 953 1025 993; x_wconf 88' lang='lat' dir='ltr'>operum</span> <span class='ocrx_word' id='word_1_71' title='bbox 1044 952 1284 992; x_wconf 81' lang='lat' dir='ltr'>nomenque</span> <span class='ocrx_word' id='word_1_72' title='bbox 1303 951 1529 993; x_wconf 82' lang='lat' dir='ltr'>genusque.</span> 
     </span>
    </p>

    <p class='ocr_par' dir='ltr' id='par_1_5' title="bbox 453 1012 1633 1068">
     <span class='ocr_line' id='line_1_12' title="bbox 453 1012 1633 1068; baseline -0.003 -13"><span class='ocrx_word' id='word_1_73' title='bbox 453 1014 668 1055; x_wconf 72' lang='lat' dir='ltr'>Fortunae</span> <span class='ocrx_word' id='word_1_74' title='bbox 687 1028 776 1055; x_wconf 87' lang='lat' dir='ltr'>sors</span> <span class='ocrx_word' id='word_1_75' title='bbox 797 1013 934 1068; x_wconf 84' lang='lat' dir='ltr'>prima</span> <span class='ocrx_word' id='word_1_76' title='bbox 953 1012 1056 1054; x_wconf 80' lang='lat' dir='ltr'>data</span> <span class='ocrx_word' id='word_1_77' title='bbox 1078 1018 1152 1054; x_wconf 87' lang='lat' dir='ltr'>est.</span> <span class='ocrx_word' id='word_1_78' title='bbox 1213 1012 1291 1053; x_wconf 90' lang='lat' dir='ltr'>hoc</span> <span class='ocrx_word' id='word_1_79' title='bbox 1312 1012 1382 1053; x_wconf 87' lang='lat' dir='ltr'>illa</span> <span class='ocrx_word' id='word_1_80' title='bbox 1402 1026 1476 1067; x_wconf 89' lang='lat' dir='ltr'>per</span> <span class='ocrx_word' id='word_1_81' title='bbox 1495 1016 1633 1053; x_wconf 87' lang='lat' dir='ltr'>artem</span> 
     </span>
    </p>
   </div>
   <div class='ocr_carea' id='block_1_3' title="bbox 219 1144 1778 2938">
    <p class='ocr_par' dir='ltr' id='par_1_6' title="bbox 219 1144 1767 1291">
     <span class='ocr_line' id='line_1_13' title="bbox 219 1144 1767 1187; baseline -0.002 -9"><span class='ocrx_word' id='word_1_82' title='bbox 219 1147 332 1178; x_wconf 81' lang='lat' dir='ltr'>locata</span> <span class='ocrx_word' id='word_1_83' title='bbox 435 1146 476 1177; x_wconf 89' lang='grc'>86</span> <span class='ocrx_word' id='word_1_84' title='bbox 507 1150 626 1178; x_wconf 88' lang='lat' dir='ltr'>orbem</span> <span class='ocrx_word' id='word_1_85' title='bbox 653 1146 728 1177; x_wconf 86' lang='lat' dir='ltr'>cod.</span> <span class='ocrx_word' id='word_1_86' title='bbox 761 1146 788 1177; x_wconf 84' lang='lat' dir='ltr'>F</span> <span class='ocrx_word' id='word_1_87' title='bbox 792 1146 853 1177; x_wconf 79' lang='lat' dir='ltr'>lor.</span> <span class='ocrx_word' id='word_1_88' title='bbox 885 1146 1026 1187; x_wconf 82' lang='lat' dir='ltr'>aliique,</span> <span class='ocrx_word' id='word_1_89' title='bbox 1056 1149 1139 1177; x_wconf 86' lang='lat' dir='ltr'>orbe</span> <span class='ocrx_word' id='word_1_90' title='bbox 1165 1148 1260 1177; x_wconf 80' lang='lat' dir='ltr'>GLM.</span> <span class='ocrx_word' id='word_1_91' title='bbox 1306 1145 1415 1177; x_wconf 88' lang='lat' dir='ltr'>donec</span> <span class='ocrx_word' id='word_1_92' title='bbox 1441 1155 1585 1186; x_wconf 89' lang='lat' dir='ltr'>operum</span> <span class='ocrx_word' id='word_1_93' title='bbox 1613 1144 1767 1176; x_wconf 86' lang='lat' dir='ltr'>circulus</span> 
     </span>
     <span class='ocr_line' id='line_1_14' title="bbox 220 1195 1765 1240; baseline -0.001 -11"><span class='ocrx_word' id='word_1_94' title='bbox 220 1199 406 1230; x_wconf 82' lang='lat' dir='ltr'>circuitum</span> <span class='ocrx_word' id='word_1_95' title='bbox 431 1197 564 1230; x_wconf 82' lang='lat' dir='ltr'>zodiaci</span> <span class='ocrx_word' id='word_1_96' title='bbox 592 1197 750 1240; x_wconf 82' lang='lat' dir='ltr'>perficit:</span> <span class='ocrx_word' id='word_1_97' title='bbox 786 1197 868 1229; x_wconf 87' lang='lat' dir='ltr'>uide</span> <span class='ocrx_word' id='word_1_98' title='bbox 896 1207 925 1229; x_wconf 90' lang='lat'>11</span> <span class='ocrx_word' id='word_1_99' title='bbox 955 1198 1017 1229; x_wconf 87' lang='lat'>130</span> <span class='ocrx_word' id='word_1_100' title='bbox 1040 1197 1158 1239; x_wconf 84' lang='lat' dir='ltr'>ibique</span> <span class='ocrx_word' id='word_1_101' title='bbox 1181 1197 1352 1229; x_wconf 84' lang='lat' dir='ltr'>adnotata</span> <span class='ocrx_word' id='word_1_102' title='bbox 1439 1196 1479 1228; x_wconf 91' lang='grc'>87</span> <span class='ocrx_word' id='word_1_103' title='bbox 1498 1195 1612 1238; x_wconf 77' lang='lat' dir='ltr'>facies</span> <span class='ocrx_word' id='word_1_104' title='bbox 1634 1206 1765 1234; x_wconf 83' lang='lat' dir='ltr'>rerum,</span> 
     </span>
     <span class='ocr_line' id='line_1_15' title="bbox 222 1249 1761 1291; baseline -0.002 -9"><span class='ocrx_word' id='word_1_105' title='bbox 222 1251 264 1282; x_wconf 83' lang='lat'>94</span> <span class='ocrx_word' id='word_1_106' title='bbox 276 1249 527 1291; x_wconf 67' lang='lat' dir='ltr'>rerumfiyuri.»¹</span> <span class='ocrx_word' id='word_1_107' title='bbox 615 1249 656 1280; x_wconf 89' lang='lat'>88</span> <span class='ocrx_word' id='word_1_108' title='bbox 673 1250 747 1288; x_wconf 77' lang='lat' dir='ltr'>erit,</span> <span class='ocrx_word' id='word_1_109' title='bbox 767 1249 979 1288; x_wconf 72' lang='lat' dir='ltr'>inuenietur,</span> <span class='ocrx_word' id='word_1_110' title='bbox 992 1253 1033 1281; x_wconf 89' lang='lat' dir='ltr'>ut</span> <span class='ocrx_word' id='word_1_111' title='bbox 1050 1258 1079 1280; x_wconf 90' lang='lat'>11</span> <span class='ocrx_word' id='word_1_112' title='bbox 1095 1250 1159 1280; x_wconf 84' lang='lat'>432</span> <span class='ocrx_word' id='word_1_113' title='bbox 1246 1252 1411 1280; x_wconf 81' lang='lat' dir='ltr'>fortunae</span> <span class='ocrx_word' id='word_1_114' title='bbox 1427 1251 1462 1287; x_wconf 82' lang='lat' dir='ltr'>G,</span> <span class='ocrx_word' id='word_1_115' title='bbox 1481 1251 1625 1279; x_wconf 79' lang='lat' dir='ltr'>fortuna</span> <span class='ocrx_word' id='word_1_116' title='bbox 1640 1251 1677 1280; x_wconf 82' lang='lat' dir='ltr'>et</span> <span class='ocrx_word' id='word_1_117' title='bbox 1691 1250 1761 1285; x_wconf 80' lang='lat' dir='ltr'>LM,</span> 
     </span>
    </p>

    <p class='ocr_par' dir='ltr' id='par_1_7' title="bbox 222 1299 1778 2938">
     <span class='ocr_line' id='line_1_16' title="bbox 222 1299 1679 1342; baseline -0.002 -9"><span class='ocrx_word' id='word_1_118' title='bbox 222 1302 306 1333; x_wconf 87' lang='lat' dir='ltr'>uide</span> <span class='ocrx_word' id='word_1_119' title='bbox 330 1311 359 1333; x_wconf 88' lang='grc' dir='ltr'>ΙΙ</span> <span class='ocrx_word' id='word_1_120' title='bbox 383 1301 447 1333; x_wconf 83' lang='lat'>56‘2</span> <span class='ocrx_word' id='word_1_121' title='bbox 469 1304 504 1332; x_wconf 89' lang='lat' dir='ltr'>et</span> <span class='ocrx_word' id='word_1_122' title='bbox 528 1301 640 1332; x_wconf 86' lang='lat' dir='ltr'>multa</span> <span class='ocrx_word' id='word_1_123' title='bbox 657 1300 812 1332; x_wconf 86' lang='lat' dir='ltr'>eiusdem</span> <span class='ocrx_word' id='word_1_124' title='bbox 832 1301 960 1332; x_wconf 86' lang='lat' dir='ltr'>erroris</span> <span class='ocrx_word' id='word_1_125' title='bbox 980 1300 1139 1342; x_wconf 87' lang='lat' dir='ltr'>exempla</span> <span class='ocrx_word' id='word_1_126' title='bbox 1155 1299 1248 1342; x_wconf 88' lang='lat' dir='ltr'>apud</span> <span class='ocrx_word' id='word_1_127' title='bbox 1265 1300 1426 1332; x_wconf 84' lang='lat' dir='ltr'>Cortium</span> <span class='ocrx_word' id='word_1_128' title='bbox 1443 1299 1525 1331; x_wconf 86' lang='lat' dir='ltr'>Luc.</span> <span class='ocrx_word' id='word_1_129' title='bbox 1546 1307 1591 1330; x_wconf 92' lang='lat'>111</span> <span class='ocrx_word' id='word_1_130' title='bbox 1614 1299 1679 1331; x_wconf 87' lang='grc'>564</span> 
     </span>
     <span class='ocr_line' id='line_1_17' title="bbox 266 1350 1770 1393; baseline -0.002 -9"><span class='ocrx_word' id='word_1_131' title='bbox 266 1353 307 1384; x_wconf 88' lang='grc'>89</span> <span class='ocrx_word' id='word_1_132' title='bbox 335 1362 442 1384; x_wconf 80' lang='lat' dir='ltr'>cursu</span> <span class='ocrx_word' id='word_1_133' title='bbox 469 1353 557 1384; x_wconf 84' lang='lat' dir='ltr'>satis</span> <span class='ocrx_word' id='word_1_134' title='bbox 587 1352 675 1383; x_wconf 87' lang='lat' dir='ltr'>bene</span> <span class='ocrx_word' id='word_1_135' title='bbox 700 1351 931 1393; x_wconf 78' lang='lat' dir='ltr'>Rossbergius</span> <span class='ocrx_word' id='word_1_136' title='bbox 960 1352 995 1383; x_wconf 94' lang='lat' dir='ltr'>in</span> <span class='ocrx_word' id='word_1_137' title='bbox 1026 1351 1144 1383; x_wconf 88' lang='lat' dir='ltr'>Fleck.</span> <span class='ocrx_word' id='word_1_138' title='bbox 1172 1351 1286 1383; x_wconf 90' lang='lat' dir='ltr'>annal.</span> <span class='ocrx_word' id='word_1_139' title='bbox 1315 1351 1383 1383; x_wconf 92' lang='lat' dir='ltr'>uol.</span> <span class='ocrx_word' id='word_1_140' title='bbox 1411 1351 1471 1385; x_wconf 88' lang='grc'>147</span> <span class='ocrx_word' id='word_1_141' title='bbox 1494 1361 1528 1392; x_wconf 88' lang='lat' dir='ltr'>p.</span> <span class='ocrx_word' id='word_1_142' title='bbox 1553 1350 1629 1389; x_wconf 89' lang='grc'><strong>708,</strong></span> <span class='ocrx_word' id='word_1_143' title='bbox 1647 1359 1726 1382; x_wconf 85' lang='lat' dir='ltr'>cum</span> <span class='ocrx_word' id='word_1_144' title='bbox 1743 1352 1770 1381; x_wconf 86' lang='lat'>1.</span> 
     </span>
     <span class='ocr_line' id='line_1_18' title="bbox 224 1401 1767 1445; baseline -0.002 -10"><span class='ocrx_word' id='word_1_145' title='bbox 224 1404 298 1436; x_wconf 92' lang='lat' dir='ltr'>cod.</span> <span class='ocrx_word' id='word_1_146' title='bbox 327 1404 485 1435; x_wconf 86' lang='lat' dir='ltr'>Venetus</span> <span class='ocrx_word' id='word_1_147' title='bbox 515 1404 585 1442; x_wconf 87' lang='lat' dir='ltr'>(hic</span> <span class='ocrx_word' id='word_1_148' title='bbox 609 1407 645 1435; x_wconf 89' lang='lat' dir='ltr'>et</span> <span class='ocrx_word' id='word_1_149' title='bbox 669 1414 732 1445; x_wconf 88' lang='lat' dir='ltr'>pro</span> <span class='ocrx_word' id='word_1_150' title='bbox 756 1407 821 1442; x_wconf 88' lang='lat' dir='ltr'>ut),</span> <span class='ocrx_word' id='word_1_151' title='bbox 848 1407 896 1435; x_wconf 82' lang='lat' dir='ltr'>sit</span> <span class='ocrx_word' id='word_1_152' title='bbox 919 1412 999 1435; x_wconf 87' lang='lat' dir='ltr'>cum</span> <span class='ocrx_word' id='word_1_153' title='bbox 1021 1406 1057 1442; x_wconf 84' lang='lat' dir='ltr'>G,</span> <span class='ocrx_word' id='word_1_154' title='bbox 1085 1412 1232 1440; x_wconf 87' lang='lat' dir='ltr'>cumque</span> <span class='ocrx_word' id='word_1_155' title='bbox 1255 1405 1298 1435; x_wconf 80' lang='grc' dir='ltr'>Μ.</span> <span class='ocrx_word' id='word_1_156' title='bbox 1347 1408 1526 1443; x_wconf 79' lang='lat' dir='ltr'>utcumque</span> <span class='ocrx_word' id='word_1_157' title='bbox 1552 1405 1589 1434; x_wconf 89' lang='lat' dir='ltr'>et</span> <span class='ocrx_word' id='word_1_158' title='bbox 1614 1401 1767 1433; x_wconf 82' lang='lat' dir='ltr'>orationi</span> 
     </span>
     <span class='ocr_line' id='line_1_19' title="bbox 225 1453 1766 1496; baseline -0.001 -9"><span class='ocrx_word' id='word_1_159' title='bbox 225 1456 391 1488; x_wconf 88' lang='lat' dir='ltr'>conuenit</span> <span class='ocrx_word' id='word_1_160' title='bbox 409 1460 444 1487; x_wconf 90' lang='lat' dir='ltr'>et</span> <span class='ocrx_word' id='word_1_161' title='bbox 461 1456 657 1487; x_wconf 88' lang='lat' dir='ltr'>sententiae</span> <span class='ocrx_word' id='word_1_162' title='bbox 672 1455 766 1494; x_wconf 90' lang='lat' dir='ltr'>(uide</span> <span class='ocrx_word' id='word_1_163' title='bbox 781 1456 855 1492; x_wconf 88' lang='lat'>119,</span> <span class='ocrx_word' id='word_1_164' title='bbox 872 1457 929 1486; x_wconf 80' lang='grc'>141</span> <span class='ocrx_word' id='word_1_165' title='bbox 947 1467 954 1492; x_wconf 93' lang='grc'><strong>;</strong></span> <span class='ocrx_word' id='word_1_166' title='bbox 979 1455 1046 1486; x_wconf 85' lang='lat' dir='ltr'>etsi</span> <span class='ocrx_word' id='word_1_167' title='bbox 1063 1466 1130 1486; x_wconf 88' lang='lat' dir='ltr'>non</span> <span class='ocrx_word' id='word_1_168' title='bbox 1145 1455 1260 1486; x_wconf 86' lang='lat' dir='ltr'>minus</span> <span class='ocrx_word' id='word_1_169' title='bbox 1273 1460 1367 1486; x_wconf 86' lang='lat' dir='ltr'>recte</span> <span class='ocrx_word' id='word_1_170' title='bbox 1378 1455 1524 1496; x_wconf 87' lang='lat' dir='ltr'>ponitur</span> <span class='ocrx_word' id='word_1_171' title='bbox 1535 1459 1572 1486; x_wconf 80' lang='lat' dir='ltr'>ut</span> <span class='ocrx_word' id='word_1_172' title='bbox 1586 1454 1659 1492; x_wconf 91' lang='lat'>101,</span> <span class='ocrx_word' id='word_1_173' title='bbox 1677 1453 1766 1492; x_wconf 80' lang='lat'>126)‚</span> 
     </span>
     <span class='ocr_line' id='line_1_20' title="bbox 222 1505 1767 1548; baseline -0.002 -9"><span class='ocrx_word' id='word_1_174' title='bbox 222 1512 374 1540; x_wconf 89' lang='lat' dir='ltr'>metrum</span> <span class='ocrx_word' id='word_1_175' title='bbox 399 1507 587 1545; x_wconf 82' lang='lat' dir='ltr'>destituit3</span> <span class='ocrx_word' id='word_1_176' title='bbox 612 1518 724 1547; x_wconf 89' lang='lat' dir='ltr'>neque</span> <span class='ocrx_word' id='word_1_177' title='bbox 748 1507 840 1538; x_wconf 88' lang='lat' dir='ltr'>enim</span> <span class='ocrx_word' id='word_1_178' title='bbox 865 1507 1053 1538; x_wconf 83' lang='lat' dir='ltr'>Manilium</span> <span class='ocrx_word' id='word_1_179' title='bbox 1077 1506 1201 1538; x_wconf 89' lang='lat' dir='ltr'>breues</span> <span class='ocrx_word' id='word_1_180' title='bbox 1224 1506 1346 1538; x_wconf 84' lang='lat' dir='ltr'>finales</span> <span class='ocrx_word' id='word_1_181' title='bbox 1369 1506 1543 1548; x_wconf 78' lang='lat' dir='ltr'>positione</span> <span class='ocrx_word' id='word_1_182' title='bbox 1559 1505 1767 1547; x_wconf 79' lang='lat' dir='ltr'>produxisse</span> 
     </span>
     <span class='ocr_line' id='line_1_21' title="bbox 222 1557 1771 1600; baseline -0.001 -9"><span class='ocrx_word' id='word_1_183' title='bbox 222 1559 390 1591; x_wconf 89' lang='lat' dir='ltr'>credibile</span> <span class='ocrx_word' id='word_1_184' title='bbox 406 1558 447 1590; x_wconf 91' lang='lat' dir='ltr'>fit</span> <span class='ocrx_word' id='word_1_185' title='bbox 464 1569 506 1590; x_wconf 83' lang='lat' dir='ltr'>ex</span> <span class='ocrx_word' id='word_1_186' title='bbox 523 1558 692 1590; x_wconf 86' lang='lat' dir='ltr'>librorum</span> <span class='ocrx_word' id='word_1_187' title='bbox 705 1559 882 1600; x_wconf 84' lang='lat' dir='ltr'>scriptura</span> <span class='ocrx_word' id='word_1_188' title='bbox 899 1567 912 1589; x_wconf 90' lang='grc' dir='ltr'>Ι</span> <span class='ocrx_word' id='word_1_189' title='bbox 929 1559 971 1590; x_wconf 90' lang='grc'>90</span> <span class='ocrx_word' id='word_1_190' title='bbox 986 1558 1059 1589; x_wconf 78' lang='lat' dir='ltr'>alia</span> <span class='ocrx_word' id='word_1_191' title='bbox 1070 1558 1283 1599; x_wconf 71' lang='lat' dir='ltr'>pro-seminat</span> <span class='ocrx_word' id='word_1_192' title='bbox 1371 1557 1413 1588; x_wconf 87' lang='grc'>90</span> <span class='ocrx_word' id='word_1_193' title='bbox 1428 1561 1550 1589; x_wconf 82' lang='lat' dir='ltr'>mouet</span> <span class='ocrx_word' id='word_1_194' title='bbox 1564 1560 1608 1596; x_wconf 79' lang='grc' dir='ltr'>Μ,</span> <span class='ocrx_word' id='word_1_195' title='bbox 1623 1559 1771 1589; x_wconf 78' lang='lat' dir='ltr'>mouent</span> 
     </span>
     <span class='ocr_line' id='line_1_22' title="bbox 223 1608 1768 1651; baseline -0.001 -9"><span class='ocrx_word' id='word_1_196' title='bbox 223 1614 272 1642; x_wconf 82' lang='lat' dir='ltr'>GL</span> <span class='ocrx_word' id='word_1_197' title='bbox 359 1613 529 1642; x_wconf 86' lang='lat' dir='ltr'>mundum</span> <span class='ocrx_word' id='word_1_198' title='bbox 561 1609 753 1648; x_wconf 85' lang='lat' dir='ltr'>Bentleius,</span> <span class='ocrx_word' id='word_1_199' title='bbox 782 1612 906 1641; x_wconf 84' lang='lat' dir='ltr'>mundi</span> <span class='ocrx_word' id='word_1_200' title='bbox 936 1609 1029 1641; x_wconf 89' lang='lat' dir='ltr'>libri.</span> <span class='ocrx_word' id='word_1_201' title='bbox 1078 1609 1200 1641; x_wconf 80' lang='lat' dir='ltr'>diuina</span> <span class='ocrx_word' id='word_1_202' title='bbox 1230 1609 1390 1651; x_wconf 84' lang='lat' dir='ltr'>potentia</span> <span class='ocrx_word' id='word_1_203' title='bbox 1421 1609 1484 1641; x_wconf 86' lang='lat' dir='ltr'>has</span> <span class='ocrx_word' id='word_1_204' title='bbox 1513 1619 1628 1640; x_wconf 84' lang='lat' dir='ltr'>rerum</span> <span class='ocrx_word' id='word_1_205' title='bbox 1660 1608 1768 1640; x_wconf 80' lang='lat' dir='ltr'>facies</span> 
     </span>
     <span class='ocr_line' id='line_1_23' title="bbox 222 1659 1764 1704; baseline -0.001 -10"><span class='ocrx_word' id='word_1_206' title='bbox 222 1673 362 1694; x_wconf 89' lang='lat' dir='ltr'>mouere</span> <span class='ocrx_word' id='word_1_207' title='bbox 378 1662 513 1704; x_wconf 86' lang='lat' dir='ltr'>nequit,</span> <span class='ocrx_word' id='word_1_208' title='bbox 532 1672 621 1703; x_wconf 86' lang='lat' dir='ltr'>quae</span> <span class='ocrx_word' id='word_1_209' title='bbox 637 1672 742 1703; x_wconf 87' lang='lat' dir='ltr'>penes</span> <span class='ocrx_word' id='word_1_210' title='bbox 759 1661 850 1693; x_wconf 82' lang='lat' dir='ltr'>solos</span> <span class='ocrx_word' id='word_1_211' title='bbox 867 1661 1062 1703; x_wconf 77' lang='lat' dir='ltr'>astrologos</span> <span class='ocrx_word' id='word_1_212' title='bbox 1085 1664 1242 1703; x_wconf 84' lang='lat' dir='ltr'>potestas</span> <span class='ocrx_word' id='word_1_213' title='bbox 1259 1665 1322 1693; x_wconf 85' lang='lat' dir='ltr'>est.</span> <span class='ocrx_word' id='word_1_214' title='bbox 1373 1660 1554 1693; x_wconf 85' lang='lat' dir='ltr'>Bentleius</span> <span class='ocrx_word' id='word_1_215' title='bbox 1569 1659 1688 1692; x_wconf 82' lang='lat' dir='ltr'>adfert</span> <span class='ocrx_word' id='word_1_216' title='bbox 1705 1660 1764 1691; x_wconf 87' lang='lat'>141</span> 
     </span>
     <span class='ocr_line' id='line_1_24' title="bbox 222 1712 1769 1754; baseline -0.001 -8"><span class='ocrx_word' id='word_1_217' title='bbox 222 1718 356 1746; x_wconf 82' lang='lat' dir='ltr'>mouent</span> <span class='ocrx_word' id='word_1_218' title='bbox 382 1719 420 1745; x_wconf 79' lang='lat' dir='ltr'>ut</span> <span class='ocrx_word' id='word_1_219' title='bbox 450 1714 615 1745; x_wconf 76' lang='lat' dir='ltr'>mundum</span> <span class='ocrx_word' id='word_1_220' title='bbox 643 1713 759 1744; x_wconf 79' lang='lat' dir='ltr'>sidera</span> <span class='ocrx_word' id='word_1_221' title='bbox 783 1723 932 1754; x_wconf 78' lang='lat' dir='ltr'>cumque.</span> <span class='ocrx_word' id='word_1_222' title='bbox 982 1713 1047 1744; x_wconf 87' lang='lat' dir='ltr'>hoc</span> <span class='ocrx_word' id='word_1_223' title='bbox 1071 1713 1223 1745; x_wconf 86' lang='lat' dir='ltr'>dieitur:</span> <span class='ocrx_word' id='word_1_224' title='bbox 1256 1716 1363 1754; x_wconf 88' lang='lat' dir='ltr'>prout</span> <span class='ocrx_word' id='word_1_225' title='bbox 1385 1712 1547 1754; x_wconf 84' lang='lat' dir='ltr'>planetae</span> <span class='ocrx_word' id='word_1_226' title='bbox 1570 1712 1633 1744; x_wconf 86' lang='lat' dir='ltr'>has</span> <span class='ocrx_word' id='word_1_227' title='bbox 1656 1715 1769 1744; x_wconf 77' lang='lat' dir='ltr'>sortes</span> 
     </span>
     <span class='ocr_line' id='line_1_25' title="bbox 223 1765 1767 1806; baseline -0.001 -9"><span class='ocrx_word' id='word_1_228' title='bbox 223 1765 370 1798; x_wconf 83' lang='lat' dir='ltr'>laedunt</span> <span class='ocrx_word' id='word_1_229' title='bbox 387 1766 559 1797; x_wconf 86' lang='lat' dir='ltr'>iuuantue</span> <span class='ocrx_word' id='word_1_230' title='bbox 575 1768 611 1796; x_wconf 89' lang='lat' dir='ltr'>et</span> <span class='ocrx_word' id='word_1_231' title='bbox 628 1769 734 1806; x_wconf 85' lang='lat' dir='ltr'>prout</span> <span class='ocrx_word' id='word_1_232' title='bbox 751 1765 902 1796; x_wconf 86' lang='lat' dir='ltr'>mundus</span> <span class='ocrx_word' id='word_1_233' title='bbox 919 1775 981 1806; x_wconf 87' lang='lat' dir='ltr'>per</span> <span class='ocrx_word' id='word_1_234' title='bbox 993 1768 1164 1806; x_wconf 77' lang='lat' dir='ltr'>quattuor</span> <span class='ocrx_word' id='word_1_235' title='bbox 1180 1765 1339 1796; x_wconf 83' lang='lat' dir='ltr'>cardines</span> <span class='ocrx_word' id='word_1_236' title='bbox 1356 1766 1399 1803; x_wconf 93' lang='lat'>(11</span> <span class='ocrx_word' id='word_1_237' title='bbox 1415 1765 1580 1803; x_wconf 81' lang='lat'>788-807)</span> <span class='ocrx_word' id='word_1_238' title='bbox 1593 1767 1767 1803; x_wconf 87' lang='lat' dir='ltr'>mouetur,</span> 
     </span>
     <span class='ocr_line' id='line_1_26' title="bbox 224 1815 1769 1856; baseline -0.002 -7"><span class='ocrx_word' id='word_1_239' title='bbox 224 1819 276 1849; x_wconf 84' lang='lat' dir='ltr'>ita</span> <span class='ocrx_word' id='word_1_240' title='bbox 291 1817 375 1849; x_wconf 79' lang='lat' dir='ltr'>felix</span> <span class='ocrx_word' id='word_1_241' title='bbox 394 1820 456 1848; x_wconf 89' lang='lat' dir='ltr'>aut</span> <span class='ocrx_word' id='word_1_242' title='bbox 473 1817 578 1848; x_wconf 84' lang='lat' dir='ltr'>triste</span> <span class='ocrx_word' id='word_1_243' title='bbox 594 1816 708 1848; x_wconf 86' lang='lat' dir='ltr'>fatum</span> <span class='ocrx_word' id='word_1_244' title='bbox 726 1816 824 1847; x_wconf 85' lang='lat' dir='ltr'>uenit</span> <span class='ocrx_word' id='word_1_245' title='bbox 911 1815 951 1846; x_wconf 84' lang='lat'>91</span> <span class='ocrx_word' id='word_1_246' title='bbox 975 1816 1112 1856; x_wconf 72' lang='lat' dir='ltr'>sz‘nyula</span> <span class='ocrx_word' id='word_1_247' title='bbox 1128 1815 1173 1848; x_wconf 91' lang='lat' dir='ltr'>ad</span> <span class='ocrx_word' id='word_1_248' title='bbox 1190 1816 1324 1847; x_wconf 88' lang='lat' dir='ltr'>nullum</span> <span class='ocrx_word' id='word_1_249' title='bbox 1347 1820 1481 1847; x_wconf 89' lang='lat' dir='ltr'>certum</span> <span class='ocrx_word' id='word_1_250' title='bbox 1505 1815 1769 1847; x_wconf 77' lang='lat' dir='ltr'>substantiuum</span> 
     </span>
     <span class='ocr_line' id='line_1_27' title="bbox 227 1867 1772 1910; baseline -0.001 -10"><span class='ocrx_word' id='word_1_251' title='bbox 227 1869 349 1901; x_wconf 85' lang='lat' dir='ltr'>referri</span> <span class='ocrx_word' id='word_1_252' title='bbox 373 1868 528 1906; x_wconf 82' lang='lat' dir='ltr'>uidetur,</span> <span class='ocrx_word' id='word_1_253' title='bbox 554 1879 666 1909; x_wconf 90' lang='lat' dir='ltr'>neque</span> <span class='ocrx_word' id='word_1_254' title='bbox 691 1868 781 1899; x_wconf 87' lang='lat' dir='ltr'>enim</span> <span class='ocrx_word' id='word_1_255' title='bbox 807 1872 879 1899; x_wconf 89' lang='lat' dir='ltr'>tam</span> <span class='ocrx_word' id='word_1_256' title='bbox 904 1868 1003 1909; x_wconf 78' lang='lat' dir='ltr'>signa</span> <span class='ocrx_word' id='word_1_257' title='bbox 1026 1868 1282 1910; x_wconf 87' lang='lat' dir='ltr'>intelleguntur</span> <span class='ocrx_word' id='word_1_258' title='bbox 1305 1878 1410 1909; x_wconf 85' lang='lat' dir='ltr'>quam</span> <span class='ocrx_word' id='word_1_259' title='bbox 1433 1877 1576 1909; x_wconf 86' lang='lat' dir='ltr'>operum</span> <span class='ocrx_word' id='word_1_260' title='bbox 1599 1871 1712 1898; x_wconf 83' lang='lat' dir='ltr'>sortes</span> <span class='ocrx_word' id='word_1_261' title='bbox 1735 1867 1772 1899; x_wconf 85' lang='lat' dir='ltr'>in</span> 
     </span>
     <span class='ocr_line' id='line_1_28' title="bbox 227 1916 1773 1960; baseline -0.003 -8"><span class='ocrx_word' id='word_1_262' title='bbox 227 1921 276 1952; x_wconf 86' lang='lat' dir='ltr'>eis</span> <span class='ocrx_word' id='word_1_263' title='bbox 293 1920 496 1958; x_wconf 77' lang='lat' dir='ltr'>collocatae,</span> <span class='ocrx_word' id='word_1_264' title='bbox 514 1930 621 1960; x_wconf 83' lang='lat' dir='ltr'>opera</span> <span class='ocrx_word' id='word_1_265' title='bbox 636 1923 754 1950; x_wconf 88' lang='lat' dir='ltr'>autem</span> <span class='ocrx_word' id='word_1_266' title='bbox 772 1922 852 1960; x_wconf 86' lang='lat' dir='ltr'>post</span> <span class='ocrx_word' id='word_1_267' title='bbox 874 1930 906 1950; x_wconf 87' lang='lat' dir='ltr'>u.</span> <span class='ocrx_word' id='word_1_268' title='bbox 928 1919 969 1951; x_wconf 79' lang='lat'>83</span> <span class='ocrx_word' id='word_1_269' title='bbox 988 1930 1055 1950; x_wconf 91' lang='lat' dir='ltr'>non</span> <span class='ocrx_word' id='word_1_270' title='bbox 1073 1922 1341 1950; x_wconf 86' lang='lat' dir='ltr'>commemorata</span> <span class='ocrx_word' id='word_1_271' title='bbox 1358 1921 1441 1949; x_wconf 87' lang='lat' dir='ltr'>sunt</span> <span class='ocrx_word' id='word_1_272' title='bbox 1528 1916 1571 1948; x_wconf 82' lang='lat'>92</span> <span class='ocrx_word' id='word_1_273' title='bbox 1591 1917 1684 1949; x_wconf 70' lang='lat' dir='ltr'>iltius</span> <span class='ocrx_word' id='word_1_274' title='bbox 1698 1927 1773 1959; x_wconf 84' lang='lat' dir='ltr'>quo</span> 
     </span>
     <span class='ocr_line' id='line_1_29' title="bbox 225 1968 1770 2013; baseline -0.002 -10"><span class='ocrx_word' id='word_1_275' title='bbox 225 1975 363 2013; x_wconf 87' lang='lat' dir='ltr'>spectet</span> <span class='ocrx_word' id='word_1_276' title='bbox 384 1982 452 2002; x_wconf 91' lang='lat' dir='ltr'>non</span> <span class='ocrx_word' id='word_1_277' title='bbox 475 1970 592 2009; x_wconf 86' lang='lat' dir='ltr'>habet,</span> <span class='ocrx_word' id='word_1_278' title='bbox 617 1971 678 2002; x_wconf 88' lang='lat' dir='ltr'>sed</span> <span class='ocrx_word' id='word_1_279' title='bbox 702 1970 796 2012; x_wconf 87' lang='lat' dir='ltr'>quod</span> <span class='ocrx_word' id='word_1_280' title='bbox 816 1970 999 2002; x_wconf 87' lang='lat' dir='ltr'>Bentleius</span> <span class='ocrx_word' id='word_1_281' title='bbox 1020 1970 1207 2002; x_wconf 72' lang='lat' dir='ltr'>substituit</span> <span class='ocrx_word' id='word_1_282' title='bbox 1228 1970 1341 2008; x_wconf 76' lang='lat' dir='ltr'>ullius,</span> <span class='ocrx_word' id='word_1_283' title='bbox 1364 1969 1400 2001; x_wconf 88' lang='lat' dir='ltr'>id</span> <span class='ocrx_word' id='word_1_284' title='bbox 1422 1980 1465 2001; x_wconf 88' lang='lat' dir='ltr'>ne</span> <span class='ocrx_word' id='word_1_285' title='bbox 1485 1968 1610 2001; x_wconf 83' lang='lat' dir='ltr'>Latine</span> <span class='ocrx_word' id='word_1_286' title='bbox 1625 1968 1770 2011; x_wconf 86' lang='lat' dir='ltr'>quidem</span> 
     </span>
     <span class='ocr_line' id='line_1_30' title="bbox 226 2020 1769 2064; baseline -0.001 -10"><span class='ocrx_word' id='word_1_287' title='bbox 226 2023 378 2055; x_wconf 87' lang='lat' dir='ltr'>dicitur:</span> <span class='ocrx_word' id='word_1_288' title='bbox 410 2026 619 2064; x_wconf 87' lang='lat' dir='ltr'>expectatur</span> <span class='ocrx_word' id='word_1_289' title='bbox 653 2022 823 2063; x_wconf 69' lang='lat' dir='ltr'>cuiusque.</span> <span class='ocrx_word' id='word_1_290' title='bbox 889 2022 1067 2054; x_wconf 86' lang='lat' dir='ltr'>Breiterus</span> <span class='ocrx_word' id='word_1_291' title='bbox 1099 2032 1239 2053; x_wconf 84' lang='lat' dir='ltr'>uersum</span> <span class='ocrx_word' id='word_1_292' title='bbox 1270 2021 1414 2053; x_wconf 86' lang='lat' dir='ltr'>deleuit.</span> <span class='ocrx_word' id='word_1_293' title='bbox 1471 2020 1566 2053; x_wconf 66' lang='lat' dir='ltr'>illius</span> <span class='ocrx_word' id='word_1_294' title='bbox 1594 2020 1769 2062; x_wconf 83' lang='lat' dir='ltr'>producta</span> 
     </span>
     <span class='ocr_line' id='line_1_31' title="bbox 228 2072 1771 2117; baseline -0.002 -11"><span class='ocrx_word' id='word_1_295' title='bbox 228 2075 446 2117; x_wconf 82' lang='lat' dir='ltr'>paenultima</span> <span class='ocrx_word' id='word_1_296' title='bbox 468 2078 650 2115; x_wconf 83' lang='lat' dir='ltr'>praeterea</span> <span class='ocrx_word' id='word_1_297' title='bbox 674 2084 742 2105; x_wconf 89' lang='lat' dir='ltr'>non</span> <span class='ocrx_word' id='word_1_298' title='bbox 767 2077 867 2105; x_wconf 79' lang='lat' dir='ltr'>extat</span> <span class='ocrx_word' id='word_1_299' title='bbox 889 2073 983 2115; x_wconf 87' lang='lat' dir='ltr'>apud</span> <span class='ocrx_word' id='word_1_300' title='bbox 1006 2073 1206 2112; x_wconf 81' lang='lat' dir='ltr'>Manilium,</span> <span class='ocrx_word' id='word_1_301' title='bbox 1225 2084 1336 2115; x_wconf 87' lang='lat' dir='ltr'>neque</span> <span class='ocrx_word' id='word_1_302' title='bbox 1359 2073 1470 2114; x_wconf 84' lang='lat' dir='ltr'>magis</span> <span class='ocrx_word' id='word_1_303' title='bbox 1494 2072 1620 2113; x_wconf 70' lang='lat' dir='ltr'>ipsiu-s:</span> <span class='ocrx_word' id='word_1_304' title='bbox 1645 2075 1771 2104; x_wconf 82' lang='lat' dir='ltr'>extant</span> 
     </span>
     <span class='ocr_line' id='line_1_32' title="bbox 229 2123 1775 2166; baseline -0.003 -8"><span class='ocrx_word' id='word_1_305' title='bbox 229 2126 331 2158; x_wconf 73' lang='lat' dir='ltr'>unius</span> <span class='ocrx_word' id='word_1_306' title='bbox 353 2129 388 2157; x_wconf 88' lang='lat' dir='ltr'>et</span> <span class='ocrx_word' id='word_1_307' title='bbox 409 2125 510 2157; x_wconf 76' lang='lat' dir='ltr'>totius</span> <span class='ocrx_word' id='word_1_308' title='bbox 598 2124 726 2156; x_wconf 84' lang='lat'>96-159</span> <span class='ocrx_word' id='word_1_309' title='bbox 749 2135 838 2166; x_wconf 88' lang='lat' dir='ltr'>quae</span> <span class='ocrx_word' id='word_1_310' title='bbox 862 2135 916 2156; x_wconf 88' lang='lat' dir='ltr'>res</span> <span class='ocrx_word' id='word_1_311' title='bbox 939 2125 1064 2166; x_wconf 86' lang='lat' dir='ltr'>cuique</span> <span class='ocrx_word' id='word_1_312' title='bbox 1087 2124 1174 2156; x_wconf 86' lang='lat' dir='ltr'>sorti</span> <span class='ocrx_word' id='word_1_313' title='bbox 1197 2124 1393 2156; x_wconf 85' lang='lat' dir='ltr'>attributae</span> <span class='ocrx_word' id='word_1_314' title='bbox 1416 2124 1489 2156; x_wconf 86' lang='lat' dir='ltr'>sint</span> <span class='ocrx_word' id='word_1_315' title='bbox 1575 2123 1702 2154; x_wconf 83' lang='lat'>96-101</span> <span class='ocrx_word' id='word_1_316' title='bbox 1727 2123 1775 2155; x_wconf 79' lang='lat' dir='ltr'>de</span> 
     </span>
     <span class='ocr_line' id='line_1_33' title="bbox 230 2173 1773 2218; baseline -0.002 -9"><span class='ocrx_word' id='word_1_317' title='bbox 230 2181 325 2209; x_wconf 82' lang='lat' dir='ltr'>sorte</span> <span class='ocrx_word' id='word_1_318' title='bbox 356 2173 535 2208; x_wconf 76' lang='lat' dir='ltr'>Fortunae</span> <span class='ocrx_word' id='word_1_319' title='bbox 565 2175 639 2207; x_wconf 86' lang='lat' dir='ltr'>dixi</span> <span class='ocrx_word' id='word_1_320' title='bbox 670 2177 706 2207; x_wconf 87' lang='lat' dir='ltr'>in</span> <span class='ocrx_word' id='word_1_321' title='bbox 737 2175 966 2217; x_wconf 77' lang='lat' dir='ltr'>praefatione.</span> <span class='ocrx_word' id='word_1_322' title='bbox 1017 2176 1237 2218; x_wconf 88' lang='lat' dir='ltr'>aliquantum</span> <span class='ocrx_word' id='word_1_323' title='bbox 1264 2187 1284 2207; x_wconf 86' lang='lat' dir='ltr'>a</span> <span class='ocrx_word' id='word_1_324' title='bbox 1311 2175 1459 2207; x_wconf 84' lang='lat' dir='ltr'>Manilio</span> <span class='ocrx_word' id='word_1_325' title='bbox 1489 2175 1629 2207; x_wconf 84' lang='lat' dir='ltr'>diuersa</span> <span class='ocrx_word' id='word_1_326' title='bbox 1659 2174 1703 2207; x_wconf 88' lang='lat' dir='ltr'>de</span> <span class='ocrx_word' id='word_1_327' title='bbox 1729 2185 1773 2206; x_wconf 79' lang='lat' dir='ltr'>ea.</span> 
     </span>
     <span class='ocr_line' id='line_1_34' title="bbox 231 2227 1775 2267; baseline -0.001 -7"><span class='ocrx_word' id='word_1_328' title='bbox 231 2229 381 2261; x_wconf 87' lang='lat' dir='ltr'>tradunt</span> <span class='ocrx_word' id='word_1_329' title='bbox 398 2228 528 2260; x_wconf 85' lang='lat' dir='ltr'>Paulus</span> <span class='ocrx_word' id='word_1_330' title='bbox 544 2227 807 2259; x_wconf 84' lang='lat' dir='ltr'>Alexandrinus</span> <span class='ocrx_word' id='word_1_331' title='bbox 825 2227 882 2259; x_wconf 76' lang='lat' dir='ltr'>fol.</span> <span class='ocrx_word' id='word_1_332' title='bbox 904 2227 938 2259; x_wconf 93' lang='lat' dir='ltr'><strong>K</strong></span> <span class='ocrx_word' id='word_1_333' title='bbox 958 2228 978 2259; x_wconf 88' lang='lat'><strong>3</strong></span> <span class='ocrx_word' id='word_1_334' title='bbox 994 2229 1013 2266; x_wconf 85' lang='grc' dir='ltr'>ἡ</span> <span class='ocrx_word' id='word_1_335' title='bbox 1029 2230 1086 2266; x_wconf 81' lang='grc' dir='ltr'>μὲν</span> <span class='ocrx_word' id='word_1_336' title='bbox 1103 2229 1192 2267; x_wconf 86' lang='grc' dir='ltr'>Τύχη</span> <span class='ocrx_word' id='word_1_337' title='bbox 1212 2229 1359 2266; x_wconf 85' lang='grc' dir='ltr'>σημαίνει</span> <span class='ocrx_word' id='word_1_338' title='bbox 1382 2229 1421 2258; x_wconf 88' lang='grc' dir='ltr'>τὰ</span> <span class='ocrx_word' id='word_1_339' title='bbox 1445 2229 1517 2267; x_wconf 80' lang='grc' dir='ltr'>περὶ</span> <span class='ocrx_word' id='word_1_340' title='bbox 1540 2228 1596 2258; x_wconf 86' lang='grc' dir='ltr'>τοῦ</span> <span class='ocrx_word' id='word_1_341' title='bbox 1618 2227 1775 2265; x_wconf 77' lang='grc' dir='ltr'>σώματοσ</span> 
     </span>
     <span class='ocr_line' id='line_1_35' title="bbox 233 2279 1776 2319; baseline -0.001 -8"><span class='ocrx_word' id='word_1_342' title='bbox 233 2282 340 2311; x_wconf 80' lang='grc' dir='ltr'>πάντα</span> <span class='ocrx_word' id='word_1_343' title='bbox 366 2281 418 2311; x_wconf 81' lang='grc' dir='ltr'>καὶ</span> <span class='ocrx_word' id='word_1_344' title='bbox 443 2281 506 2311; x_wconf 86' lang='grc' dir='ltr'>τὰσ</span> <span class='ocrx_word' id='word_1_345' title='bbox 534 2281 616 2310; x_wconf 85' lang='grc' dir='ltr'>κατὰ</span> <span class='ocrx_word' id='word_1_346' title='bbox 640 2280 711 2319; x_wconf 83' lang='grc' dir='ltr'>βίον</span> <span class='ocrx_word' id='word_1_347' title='bbox 741 2281 885 2319; x_wconf 68' lang='grc' dir='ltr'>πράξειεν,</span> <span class='ocrx_word' id='word_1_348' title='bbox 913 2281 1058 2317; x_wconf 84' lang='grc' dir='ltr'>κτήσεώσ</span> <span class='ocrx_word' id='word_1_349' title='bbox 1082 2292 1117 2310; x_wconf 87' lang='grc' dir='ltr'>τε</span> <span class='ocrx_word' id='word_1_350' title='bbox 1141 2281 1193 2310; x_wconf 77' lang='grc' dir='ltr'>καὶ</span> <span class='ocrx_word' id='word_1_351' title='bbox 1219 2280 1313 2317; x_wconf 81' lang='grc' dir='ltr'>δόξησ</span> <span class='ocrx_word' id='word_1_352' title='bbox 1338 2280 1389 2310; x_wconf 82' lang='grc' dir='ltr'>καὶ</span> <span class='ocrx_word' id='word_1_353' title='bbox 1413 2279 1586 2319; x_wconf 83' lang='grc' dir='ltr'>προεδρίασ</span> <span class='ocrx_word' id='word_1_354' title='bbox 1612 2279 1776 2317; x_wconf 77' lang='grc' dir='ltr'>δηλωτικὴ</span> 
     </span>
     <span class='ocr_line' id='line_1_36' title="bbox 233 2329 1774 2372; baseline -0.001 -9"><span class='ocrx_word' id='word_1_355' title='bbox 233 2333 429 2370; x_wconf 81' lang='grc' dir='ltr'>καθέστηκεν</span> <span class='ocrx_word' id='word_1_356' title='bbox 458 2333 560 2372; x_wconf 87' lang='lat' dir='ltr'>(quae</span> <span class='ocrx_word' id='word_1_357' title='bbox 587 2330 717 2362; x_wconf 87' lang='lat' dir='ltr'>eisdem</span> <span class='ocrx_word' id='word_1_358' title='bbox 745 2341 854 2372; x_wconf 87' lang='lat' dir='ltr'>paene</span> <span class='ocrx_word' id='word_1_359' title='bbox 881 2331 997 2362; x_wconf 89' lang='lat' dir='ltr'>uerbis</span> <span class='ocrx_word' id='word_1_360' title='bbox 1024 2335 1234 2372; x_wconf 83' lang='lat' dir='ltr'>repetuntur</span> <span class='ocrx_word' id='word_1_361' title='bbox 1261 2331 1362 2362; x_wconf 84' lang='lat' dir='ltr'>catal.</span> <span class='ocrx_word' id='word_1_362' title='bbox 1392 2329 1467 2362; x_wconf 90' lang='lat' dir='ltr'>cod.</span> <span class='ocrx_word' id='word_1_363' title='bbox 1495 2334 1579 2361; x_wconf 83' lang='lat' dir='ltr'>astr.</span> <span class='ocrx_word' id='word_1_364' title='bbox 1608 2329 1729 2361; x_wconf 81' lang='lat' dir='ltr'>Graec.</span> <span class='ocrx_word' id='word_1_365' title='bbox 1759 2338 1774 2361; x_wconf 71' lang='grc' dir='ltr'>Ι</span> 
     </span>
     <span class='ocr_line' id='line_1_37' title="bbox 233 2380 1775 2425; baseline -0.001 -11"><span class='ocrx_word' id='word_1_366' title='bbox 233 2394 266 2425; x_wconf 88' lang='lat' dir='ltr'>p.</span> <span class='ocrx_word' id='word_1_367' title='bbox 290 2384 350 2414; x_wconf 87' lang='grc'>168</span> <span class='ocrx_word' id='word_1_368' title='bbox 374 2383 509 2421; x_wconf 80' lang='lat'>28-30),</span> <span class='ocrx_word' id='word_1_369' title='bbox 529 2381 721 2413; x_wconf 80' lang='lat' dir='ltr'>Rhetorius</span> <span class='ocrx_word' id='word_1_370' title='bbox 741 2380 918 2414; x_wconf 85' lang='lat' dir='ltr'>C.C.A.G.</span> <span class='ocrx_word' id='word_1_371' title='bbox 940 2391 952 2413; x_wconf 95' lang='lat'>1</span> <span class='ocrx_word' id='word_1_372' title='bbox 976 2393 1008 2424; x_wconf 92' lang='lat' dir='ltr'>p.</span> <span class='ocrx_word' id='word_1_373' title='bbox 1032 2383 1094 2414; x_wconf 84' lang='lat'>160</span> <span class='ocrx_word' id='word_1_374' title='bbox 1120 2382 1202 2413; x_wconf 85' lang='lat' dir='ltr'>l‘2-4</span> <span class='ocrx_word' id='word_1_375' title='bbox 1221 2383 1369 2420; x_wconf 86' lang='grc' dir='ltr'>Σελήνησ</span> <span class='ocrx_word' id='word_1_376' title='bbox 1393 2382 1409 2413; x_wconf 86' lang='grc' dir='ltr'><em>ὸ</em></span> <span class='ocrx_word' id='word_1_377' title='bbox 1431 2383 1552 2422; x_wconf 86' lang='grc' dir='ltr'>κλῆροσ</span> <span class='ocrx_word' id='word_1_378' title='bbox 1574 2382 1637 2419; x_wconf 89' lang='grc' dir='ltr'>τῆσ</span> <span class='ocrx_word' id='word_1_379' title='bbox 1660 2383 1775 2421; x_wconf 75' lang='grc' dir='ltr'>Τύχηο·</span> 
     </span>
     <span class='ocr_line' id='line_1_38' title="bbox 234 2433 1778 2474; baseline -0.001 -9"><span class='ocrx_word' id='word_1_380' title='bbox 234 2436 381 2473; x_wconf 83' lang='grc' dir='ltr'>σημαίνει</span> <span class='ocrx_word' id='word_1_381' title='bbox 398 2435 505 2465; x_wconf 87' lang='grc' dir='ltr'>πάντα</span> <span class='ocrx_word' id='word_1_382' title='bbox 521 2435 561 2464; x_wconf 87' lang='grc' dir='ltr'>τὰ</span> <span class='ocrx_word' id='word_1_383' title='bbox 579 2435 632 2465; x_wconf 81' lang='grc' dir='ltr'>ἐπὶ</span> <span class='ocrx_word' id='word_1_384' title='bbox 648 2437 703 2464; x_wconf 87' lang='grc' dir='ltr'>τοῦ</span> <span class='ocrx_word' id='word_1_385' title='bbox 720 2435 872 2471; x_wconf 82' lang='grc' dir='ltr'>σώματοσ</span> <span class='ocrx_word' id='word_1_386' title='bbox 890 2436 952 2465; x_wconf 84' lang='grc' dir='ltr'>τῶν</span> <span class='ocrx_word' id='word_1_387' title='bbox 968 2436 1143 2474; x_wconf 83' lang='grc' dir='ltr'>ἀνθρώπων</span> <span class='ocrx_word' id='word_1_388' title='bbox 1163 2436 1215 2465; x_wconf 80' lang='grc' dir='ltr'>καὶ</span> <span class='ocrx_word' id='word_1_389' title='bbox 1233 2435 1296 2465; x_wconf 84' lang='grc' dir='ltr'>τὰσ</span> <span class='ocrx_word' id='word_1_390' title='bbox 1312 2435 1393 2464; x_wconf 81' lang='grc' dir='ltr'>κατὰ</span> <span class='ocrx_word' id='word_1_391' title='bbox 1412 2434 1466 2465; x_wconf 87' lang='grc' dir='ltr'>τὸν</span> <span class='ocrx_word' id='word_1_392' title='bbox 1481 2434 1553 2473; x_wconf 81' lang='grc' dir='ltr'>βίον</span> <span class='ocrx_word' id='word_1_393' title='bbox 1569 2433 1704 2473; x_wconf 76' lang='grc' dir='ltr'>πράξεισ</span> <span class='ocrx_word' id='word_1_394' title='bbox 1719 2434 1778 2464; x_wconf 77' lang='grc' dir='ltr'>καὶ.</span> 
     </span>
     <span class='ocr_line' id='line_1_39' title="bbox 237 2483 1768 2525; baseline -0.001 -8"><span class='ocrx_word' id='word_1_395' title='bbox 237 2488 331 2524; x_wconf 80' lang='grc' dir='ltr'>δόξασ</span> <span class='ocrx_word' id='word_1_396' title='bbox 347 2487 398 2517; x_wconf 82' lang='grc' dir='ltr'>καὶ</span> <span class='ocrx_word' id='word_1_397' title='bbox 414 2487 456 2516; x_wconf 86' lang='grc' dir='ltr'>τὰ</span> <span class='ocrx_word' id='word_1_398' title='bbox 471 2487 534 2523; x_wconf 84' lang='grc' dir='ltr'>τῆσ</span> <span class='ocrx_word' id='word_1_399' title='bbox 552 2487 664 2525; x_wconf 78' lang='grc' dir='ltr'>ψυχῆσ</span> <span class='ocrx_word' id='word_1_400' title='bbox 686 2485 775 2523; x_wconf 82' lang='grc' dir='ltr'>πάθη</span> <span class='ocrx_word' id='word_1_401' title='bbox 797 2487 848 2515; x_wconf 82' lang='grc' dir='ltr'>καὶ</span> <span class='ocrx_word' id='word_1_402' title='bbox 870 2487 933 2515; x_wconf 80' lang='grc' dir='ltr'>τὰσ</span> <span class='ocrx_word' id='word_1_403' title='bbox 954 2487 1163 2524; x_wconf 81' lang='grc' dir='ltr'>συμβιώσεισ,</span> <span class='ocrx_word' id='word_1_404' title='bbox 1183 2484 1404 2517; x_wconf 82' lang='lat' dir='ltr'>Ptolemaeus</span> <span class='ocrx_word' id='word_1_405' title='bbox 1420 2487 1502 2516; x_wconf 88' lang='lat' dir='ltr'>tetr.</span> <span class='ocrx_word' id='word_1_406' title='bbox 1522 2483 1577 2515; x_wconf 88' lang='lat' dir='ltr'>ed.</span> <span class='ocrx_word' id='word_1_407' title='bbox 1594 2483 1768 2516; x_wconf 83' lang='lat' dir='ltr'>Camerar.</span> 
     </span>
     <span class='ocr_line' id='line_1_40' title="bbox 238 2537 1777 2579; baseline -0.001 -10"><span class='ocrx_word' id='word_1_408' title='bbox 238 2538 321 2569; x_wconf 89' lang='lat'>1535</span> <span class='ocrx_word' id='word_1_409' title='bbox 343 2547 376 2579; x_wconf 89' lang='lat' dir='ltr'>p.</span> <span class='ocrx_word' id='word_1_410' title='bbox 397 2539 439 2569; x_wconf 87' lang='lat'>45</span> <span class='ocrx_word' id='word_1_411' title='bbox 454 2539 495 2567; x_wconf 84' lang='grc' dir='ltr'>τὰ</span> <span class='ocrx_word' id='word_1_412' title='bbox 516 2538 573 2574; x_wconf 77' lang='grc' dir='ltr'>μὲν</span> <span class='ocrx_word' id='word_1_413' title='bbox 596 2538 648 2568; x_wconf 78' lang='grc' dir='ltr'>οὖν</span> <span class='ocrx_word' id='word_1_414' title='bbox 672 2538 734 2574; x_wconf 88' lang='grc' dir='ltr'>τῆσ</span> <span class='ocrx_word' id='word_1_415' title='bbox 755 2538 910 2575; x_wconf 84' lang='grc' dir='ltr'>κτήσεωσ,</span> <span class='ocrx_word' id='word_1_416' title='bbox 931 2538 1023 2568; x_wconf 84' lang='grc' dir='ltr'>ὁποῖά</span> <span class='ocrx_word' id='word_1_417' title='bbox 1044 2549 1116 2567; x_wconf 87' lang='grc' dir='ltr'>τινα</span> <span class='ocrx_word' id='word_1_418' title='bbox 1139 2539 1238 2573; x_wconf 79' lang='grc' dir='ltr'>ἔσται,</span> <span class='ocrx_word' id='word_1_419' title='bbox 1256 2538 1395 2575; x_wconf 83' lang='grc' dir='ltr'>ληπτέον</span> <span class='ocrx_word' id='word_1_420' title='bbox 1418 2538 1482 2568; x_wconf 82' lang='grc' dir='ltr'>ἀπὸ</span> <span class='ocrx_word' id='word_1_421' title='bbox 1502 2538 1558 2568; x_wconf 86' lang='grc' dir='ltr'>τοῦ</span> <span class='ocrx_word' id='word_1_422' title='bbox 1578 2537 1777 2574; x_wconf 81' lang='grc' dir='ltr'>καλουμένου</span> 
     </span>
     <span class='ocr_line' id='line_1_41' title="bbox 236 2587 1770 2630; baseline -0.002 -9"><span class='ocrx_word' id='word_1_423' title='bbox 236 2591 352 2629; x_wconf 86' lang='grc' dir='ltr'>κλήρου</span> <span class='ocrx_word' id='word_1_424' title='bbox 368 2590 430 2626; x_wconf 86' lang='grc' dir='ltr'>τῆσ</span> <span class='ocrx_word' id='word_1_425' title='bbox 447 2590 569 2628; x_wconf 84' lang='grc' dir='ltr'>Τύχησ,</span> <span class='ocrx_word' id='word_1_426' title='bbox 590 2587 732 2619; x_wconf 81' lang='lat' dir='ltr'>Vettius</span> <span class='ocrx_word' id='word_1_427' title='bbox 750 2587 880 2619; x_wconf 87' lang='lat' dir='ltr'>Valens</span> <span class='ocrx_word' id='word_1_428' title='bbox 904 2587 957 2619; x_wconf 86' lang='lat' dir='ltr'>ed.</span> <span class='ocrx_word' id='word_1_429' title='bbox 978 2587 1092 2620; x_wconf 87' lang='lat' dir='ltr'>Kroll.</span> <span class='ocrx_word' id='word_1_430' title='bbox 1110 2599 1143 2630; x_wconf 90' lang='lat' dir='ltr'>p.</span> <span class='ocrx_word' id='word_1_431' title='bbox 1159 2589 1223 2622; x_wconf 83' lang='lat'>279</span> <span class='ocrx_word' id='word_1_432' title='bbox 1242 2590 1256 2619; x_wconf 98' lang='lat'>1</span> <span class='ocrx_word' id='word_1_433' title='bbox 1275 2598 1323 2629; x_wconf 81' lang='lat' dir='ltr'>sq.</span> <span class='ocrx_word' id='word_1_434' title='bbox 1345 2589 1399 2619; x_wconf 83' lang='grc' dir='ltr'>τὸν</span> <span class='ocrx_word' id='word_1_435' title='bbox 1423 2589 1539 2628; x_wconf 88' lang='grc' dir='ltr'>κλῆρον</span> <span class='ocrx_word' id='word_1_436' title='bbox 1561 2588 1624 2626; x_wconf 83' lang='grc' dir='ltr'>τῆσ</span> <span class='ocrx_word' id='word_1_437' title='bbox 1646 2589 1770 2627; x_wconf 81' lang='grc' dir='ltr'>Τύχησ,</span> 
     </span>
     <span class='ocr_line' id='line_1_42' title="bbox 236 2638 1773 2680; baseline -0.001 -9"><span class='ocrx_word' id='word_1_438' title='bbox 236 2642 328 2672; x_wconf 83' lang='grc' dir='ltr'>ὅστισ</span> <span class='ocrx_word' id='word_1_439' title='bbox 349 2641 403 2670; x_wconf 91' lang='grc' dir='ltr'>τὸν</span> <span class='ocrx_word' id='word_1_440' title='bbox 429 2641 499 2680; x_wconf 80' lang='grc' dir='ltr'>περὶ</span> <span class='ocrx_word' id='word_1_441' title='bbox 524 2640 731 2679; x_wconf 82' lang='grc' dir='ltr'>ὑπαρχόντων</span> <span class='ocrx_word' id='word_1_442' title='bbox 753 2641 805 2670; x_wconf 84' lang='grc' dir='ltr'>καὶ</span> <span class='ocrx_word' id='word_1_443' title='bbox 824 2641 986 2679; x_wconf 85' lang='grc' dir='ltr'>ὡφελείαο·</span> <span class='ocrx_word' id='word_1_444' title='bbox 1003 2641 1128 2678; x_wconf 73' lang='grc' dir='ltr'>(λόγον)</span> <span class='ocrx_word' id='word_1_445' title='bbox 1146 2641 1247 2678; x_wconf 84' lang='grc' dir='ltr'>δηλοῖ,</span> <span class='ocrx_word' id='word_1_446' title='bbox 1267 2639 1438 2671; x_wconf 83' lang='lat' dir='ltr'>Firmieus</span> <span class='ocrx_word' id='word_1_447' title='bbox 1455 2638 1564 2670; x_wconf 84' lang='lat' dir='ltr'>math.</span> <span class='ocrx_word' id='word_1_448' title='bbox 1582 2647 1623 2670; x_wconf 86' lang='lat' dir='ltr'>1v</span> <span class='ocrx_word' id='word_1_449' title='bbox 1641 2639 1678 2672; x_wconf 81' lang='lat'>17</span> <span class='ocrx_word' id='word_1_450' title='bbox 1694 2639 1716 2670; x_wconf 89' lang='grc'>5</span> <span class='ocrx_word' id='word_1_451' title='bbox 1732 2648 1773 2670; x_wconf 79' lang='lat' dir='ltr'>ex</span> 
     </span>
     <span class='ocr_line' id='line_1_43' title="bbox 235 2689 1771 2732; baseline -0.001 -9"><span class='ocrx_word' id='word_1_452' title='bbox 235 2691 380 2723; x_wconf 83' lang='lat' dir='ltr'>hocloco</span> <span class='ocrx_word' id='word_1_453' title='bbox 401 2691 602 2732; x_wconf 75' lang='lat' dir='ltr'>qualitatem</span> <span class='ocrx_word' id='word_1_454' title='bbox 623 2690 715 2722; x_wconf 82' lang='lat' dir='ltr'>uitae</span> <span class='ocrx_word' id='word_1_455' title='bbox 738 2695 768 2722; x_wconf 88' lang='lat' dir='ltr'>et</span> <span class='ocrx_word' id='word_1_456' title='bbox 787 2690 995 2731; x_wconf 72' lang='lat' dir='ltr'>patrimonii</span> <span class='ocrx_word' id='word_1_457' title='bbox 1013 2690 1237 2722; x_wconf 73' lang='lat' dir='ltr'>substantiam</span> <span class='ocrx_word' id='word_1_458' title='bbox 1257 2695 1287 2722; x_wconf 83' lang='lat' dir='ltr'>et</span> <span class='ocrx_word' id='word_1_459' title='bbox 1301 2690 1483 2730; x_wconf 65' lang='lat' dir='ltr'>felicitatis</span> <span class='ocrx_word' id='word_1_460' title='bbox 1505 2694 1606 2730; x_wconf 77' lang='lat' dir='ltr'>atque</span> <span class='ocrx_word' id='word_1_461' title='bbox 1628 2689 1771 2730; x_wconf 76' lang='lat' dir='ltr'>infelici-</span> 
     </span>
     <span class='ocr_line' id='line_1_44' title="bbox 236 2740 1778 2782; baseline -0.001 -8"><span class='ocrx_word' id='word_1_462' title='bbox 236 2742 317 2774; x_wconf 72' lang='lat' dir='ltr'>tatis</span> <span class='ocrx_word' id='word_1_463' title='bbox 343 2752 460 2773; x_wconf 66' lang='lat' dir='ltr'>curem</span> <span class='ocrx_word' id='word_1_464' title='bbox 486 2741 614 2773; x_wconf 73' lang='lat' dir='ltr'>ostendi</span> <span class='ocrx_word' id='word_1_465' title='bbox 645 2741 760 2773; x_wconf 74' lang='lat' dir='ltr'>datur.</span> <span class='ocrx_word' id='word_1_466' title='bbox 809 2752 908 2773; x_wconf 85' lang='lat' dir='ltr'>amor</span> <span class='ocrx_word' id='word_1_467' title='bbox 937 2741 1040 2774; x_wconf 82' lang='lat' dir='ltr'>etiam</span> <span class='ocrx_word' id='word_1_468' title='bbox 1071 2746 1100 2774; x_wconf 83' lang='lat' dir='ltr'>et</span> <span class='ocrx_word' id='word_1_469' title='bbox 1130 2742 1285 2782; x_wconf 71' lang='lat' dir='ltr'>adfectus</span> <span class='ocrx_word' id='word_1_470' title='bbox 1314 2741 1467 2773; x_wconf 83' lang='lat' dir='ltr'>uirorum</span> <span class='ocrx_word' id='word_1_471' title='bbox 1498 2740 1591 2772; x_wconf 82' lang='lat' dir='ltr'>circa</span> <span class='ocrx_word' id='word_1_472' title='bbox 1616 2741 1778 2773; x_wconf 67' lang='lat' dir='ltr'>mulieres</span> 
     </span>
     <span class='ocr_line' id='line_1_45' title="bbox 238 2792 1776 2835; baseline -0.001 -10"><span class='ocrx_word' id='word_1_473' title='bbox 238 2793 351 2835; x_wconf 72' lang='lat' dir='ltr'>qualis</span> <span class='ocrx_word' id='word_1_474' title='bbox 367 2792 409 2824; x_wconf 74' lang='lat' dir='ltr'>sit</span> <span class='ocrx_word' id='word_1_475' title='bbox 426 2803 466 2824; x_wconf 72' lang='lat' dir='ltr'>ea:</span> <span class='ocrx_word' id='word_1_476' title='bbox 482 2792 541 2824; x_wconf 80' lang='lat' dir='ltr'>hoc</span> <span class='ocrx_word' id='word_1_477' title='bbox 557 2794 627 2825; x_wconf 85' lang='lat' dir='ltr'>loco</span> <span class='ocrx_word' id='word_1_478' title='bbox 643 2792 797 2832; x_wconf 73' lang='lat' dir='ltr'>discitur,</span> <span class='ocrx_word' id='word_1_479' title='bbox 817 2798 846 2824; x_wconf 86' lang='lat' dir='ltr'>et</span> <span class='ocrx_word' id='word_1_480' title='bbox 865 2795 1149 2825; x_wconf 78' lang='lat' dir='ltr'>nutrimentorum</span> <span class='ocrx_word' id='word_1_481' title='bbox 1169 2798 1198 2825; x_wconf 85' lang='lat' dir='ltr'>et</span> <span class='ocrx_word' id='word_1_482' title='bbox 1219 2793 1466 2825; x_wconf 71' lang='lat' dir='ltr'>desideriorum</span> <span class='ocrx_word' id='word_1_483' title='bbox 1481 2793 1630 2824; x_wconf 78' lang='lat' dir='ltr'>omnium</span> <span class='ocrx_word' id='word_1_484' title='bbox 1645 2792 1776 2832; x_wconf 70' lang='lat' dir='ltr'>effectus</span> 
     </span>
     <span class='ocr_line' id='line_1_46' title="bbox 236 2843 1773 2885; baseline -0.001 -8"><span class='ocrx_word' id='word_1_485' title='bbox 236 2855 278 2877; x_wconf 77' lang='lat' dir='ltr'>ex</span> <span class='ocrx_word' id='word_1_486' title='bbox 294 2844 391 2875; x_wconf 69' lang='lat' dir='ltr'>iatius</span> <span class='ocrx_word' id='word_1_487' title='bbox 405 2844 469 2875; x_wconf 85' lang='lat' dir='ltr'>loci</span> <span class='ocrx_word' id='word_1_488' title='bbox 485 2843 673 2875; x_wconf 73' lang='lat' dir='ltr'>substancia</span> <span class='ocrx_word' id='word_1_489' title='bbox 697 2844 886 2885; x_wconf 80' lang='lat' dir='ltr'>quaeritur.</span> <span class='ocrx_word' id='word_1_490' title='bbox 936 2844 988 2876; x_wconf 78' lang='lat' dir='ltr'>hic</span> <span class='ocrx_word' id='word_1_491' title='bbox 1011 2845 1101 2877; x_wconf 72' lang='lat' dir='ltr'>locus</span> <span class='ocrx_word' id='word_1_492' title='bbox 1119 2844 1278 2885; x_wconf 81' lang='lat' dir='ltr'>patriam</span> <span class='ocrx_word' id='word_1_493' title='bbox 1291 2843 1399 2885; x_wconf 79' lang='lat' dir='ltr'>sacili</span> <span class='ocrx_word' id='word_1_494' title='bbox 1416 2843 1548 2876; x_wconf 81' lang='lat' dir='ltr'>ratione</span> <span class='ocrx_word' id='word_1_495' title='bbox 1563 2843 1773 2875; x_wconf 75' lang='lat' dir='ltr'>demonstrat</span> 
     </span>
     <span class='ocr_line' id='line_1_47' title="bbox 324 2894 1771 2938; baseline -0.001 -11"><span class='ocrx_word' id='word_1_496' title='bbox 324 2895 365 2926; x_wconf 87' lang='grc'>96</span> <span class='ocrx_word' id='word_1_497' title='bbox 383 2905 450 2936; x_wconf 80' lang='lat' dir='ltr'>per</span> <span class='ocrx_word' id='word_1_498' title='bbox 473 2900 593 2934; x_wconf 86' lang='lat' dir='ltr'>artem,</span> <span class='ocrx_word' id='word_1_499' title='bbox 615 2895 777 2927; x_wconf 77' lang='lat' dir='ltr'>uocabuli</span> <span class='ocrx_word' id='word_1_500' title='bbox 793 2906 858 2928; x_wconf 86' lang='lat' dir='ltr'>usu</span> <span class='ocrx_word' id='word_1_501' title='bbox 874 2896 962 2927; x_wconf 79' lang='lat' dir='ltr'>artis</span> <span class='ocrx_word' id='word_1_502' title='bbox 977 2896 1119 2938; x_wconf 85' lang='lat' dir='ltr'>proprio</span> <span class='ocrx_word' id='word_1_503' title='bbox 1206 2894 1247 2927; x_wconf 80' lang='lat'>97</span> <span class='ocrx_word' id='word_1_504' title='bbox 1264 2900 1414 2927; x_wconf 65' lang='lat' dir='ltr'>censetur</span> <span class='ocrx_word' id='word_1_505' title='bbox 1429 2894 1547 2927; x_wconf 77' lang='lat' dir='ltr'>titulo:</span> <span class='ocrx_word' id='word_1_506' title='bbox 1571 2894 1651 2926; x_wconf 73' lang='lat' dir='ltr'>val.</span> <span class='ocrx_word' id='word_1_507' title='bbox 1671 2894 1771 2927; x_wconf 79' lang='lat' dir='ltr'>Max.</span> 
     </span>
    </p>
   </div>
  </div>
 </body>
</html>
