1877 3146
165 98 220 136 54
760 94 822 137 M.
855 95 1108 137 MANILII

343 206 491 257 sidere,
513 220 641 262 quem
660 211 898 249 memorant
918 206 1180 262 horoscopon
1199 206 1440 249 inuentores

343 285 466 336 parte
486 280 601 336 quod
621 294 674 322 ex
692 280 764 322 illa
783 280 1035 323 describitur
1054 280 1158 323 hora
1177 280 1339 332 diebus,

220 361 289 394 540
344 368 470 396 omne
488 369 619 410 genus
638 354 815 397 rationis
835 354 902 410 agi
920 369 996 410 per
1012 359 1209 411 tempora
1228 360 1272 397 et
1290 360 1405 398 astra

343 434 387 471 et
406 428 543 484 capite
563 443 615 470 ex
633 443 719 471 uno
739 443 903 471 menses
922 443 1140 485 annosque
1159 429 1333 485 diesque

342 502 525 558 incipere
544 508 675 558 atque
695 503 819 545 horas
837 503 1036 558 tradique
1054 503 1330 559 sequentibus
1349 504 1474 546 astris
1492 519 1502 555 ;

344 582 400 628 et,
422 591 685 633 quamquam
703 577 818 620 socia
836 583 1069 620 nascantur
1085 577 1245 634 origine
1264 583 1431 629 cuncta,

341 651 530 694 diuersas
548 656 695 694 tamen
715 666 805 694 esse
823 652 950 703 uices,
972 652 1087 707 quod
1106 652 1271 694 tardius
1290 652 1374 703 illa,

159 768 246 800 caeli
262 768 405 800 orientis
422 769 631 808 constituto,
649 779 670 801 a
685 769 785 811 signo
801 769 1065 812 horoscopante.
1114 778 1144 801 11
1160 770 1267 805 791-3
1283 780 1371 802 unus
1384 770 1516 810 (cardo)
1532 770 1574 802 ab
1587 773 1707 802 exortu

160 819 264 851 caeli
295 819 502 852 nascentis
533 821 570 852 in
600 821 711 853 orbem
728 845 735 853 .
756 846 764 854 .
786 845 793 853 .
814 821 901 853 alter
927 821 970 853 ab
996 822 1147 853 aduersa
1171 822 1377 863 respondens
1406 822 1585 854 aetheris
1618 832 1702 854 ora.

159 871 262 903 horae
284 871 394 903 sidere
420 871 601 904 Bentleius
624 872 825 905 inauditum
848 873 958 912 dicit3
982 883 1095 915 neque
1118 874 1295 905 nascentis
1318 873 1406 905 caeli
1428 873 1515 905 hora
1539 873 1612 905 ulla
1636 876 1703 912 est,

160 922 254 965 quod
277 923 439 955 omnibus
462 923 558 956 horis
581 924 748 956 nascitur.
797 925 868 957 scio
891 925 1055 967 equidem
1078 925 1200 957 horam
1222 924 1434 957 Graecorum
1458 925 1618 968 exemplo
1641 935 1706 967 pro

161 974 352 1016 horoscopo
376 986 396 1007 a
419 975 550 1008 Seneca
572 986 669 1018 apoc.
689 976 710 1008 3
732 976 754 1008 2
777 979 813 1008 et
836 977 975 1018 saepius
996 987 1017 1008 a
1038 976 1190 1008 Firmico
1209 977 1364 1018 positum
1386 987 1460 1009 esse
1473 988 1482 1015 ;
1506 977 1567 1009 sed
1590 977 1706 1019 ipsum

159 1036 305 1058 nascens
321 1026 455 1058 caelum
472 1027 684 1069 horoscopus
700 1032 766 1066 est,
785 1027 998 1070 horoscopus
1019 1028 1203 1069 horoscopi
1225 1027 1314 1059 nihil
1402 1027 1465 1058 538
1488 1030 1707 1067 horoscopon

160 1080 206 1117 Μ,
224 1080 437 1117 horoscopus
454 1081 502 1110 GL
589 1081 794 1111 inuentores
810 1079 1015 1122 Postgatius
1031 1080 1109 1112 silu.
1125 1079 1220 1112 Man.
1236 1090 1269 1121 p.
1289 1081 1340 1119 11,
1353 1082 1563 1112 inuenturos
1578 1083 1649 1118 GM,
1668 1082 1707 1112 in

158 1132 329 1161 uenturos
359 1132 393 1169 L,
427 1129 618 1162 inuenturis
641 1130 716 1163 cod.
748 1130 847 1163 Pal.:
881 1137 920 1162 at
947 1130 990 1162 de
1018 1130 1230 1162 inueniendo
1258 1130 1449 1172 horoscopo
1475 1141 1546 1162 non
1572 1131 1701 1173 agitur.

158 1179 349 1212 inuentores
364 1180 452 1212 artis
468 1181 750 1220 mathematicae,
769 1184 811 1213 ut
826 1191 856 1213 11
872 1182 936 1214 944
951 1192 1001 1223 sq.
1023 1182 1114 1222 quod
1135 1192 1255 1214 nomen
1271 1187 1300 1213 et
1318 1182 1385 1222 ipsi
1407 1181 1411 1223 Ι
1430 1186 1622 1214 auctores
1645 1181 1706 1214 tibi

159 1231 254 1264 dant.
303 1232 385 1264 Luc.
406 1241 446 1264 1V
462 1233 527 1265 519
543 1232 626 1264 libri
642 1236 679 1264 et
699 1233 831 1265 Lucani
848 1236 885 1265 et
901 1233 1071 1265 Prisciani
1086 1233 1218 1276 partim
1235 1233 1386 1265 uicturos
1401 1234 1532 1275 partim
1548 1233 1704 1273 uictores,

158 1281 261 1315 Ouid.
282 1283 375 1316 trist.
399 1292 413 1315 1
431 1285 446 1315 1
467 1284 528 1317 126
544 1284 669 1324 laturo,
688 1284 803 1324 latori,
819 1284 897 1316 qu.
918 1293 985 1316 XVI
1001 1286 1042 1317 28
1064 1290 1292 1324 excusaturos,
1312 1289 1524 1317 excusatores
1611 1285 1705 1317 hunc

158 1345 310 1374 uersum,
342 1346 446 1377 quem
477 1335 696 1368 subditiuum
728 1347 803 1368 esse
829 1336 1012 1368 Bentleius
1043 1336 1220 1378 plerisque
1255 1337 1442 1378 persuasit,
1476 1339 1571 1369 recte
1604 1336 1705 1369 Post-

159 1386 275 1428 gatius
312 1387 411 1428 prius
448 1387 706 1419 emendandum
748 1390 854 1429 atque
892 1387 1200 1430 interpretandum
1238 1398 1313 1419 esse
1350 1391 1469 1420 monet
1512 1399 1618 1430 quam
1661 1388 1705 1420 de

158 1440 301 1469 auctore
338 1438 414 1470 eius
451 1437 689 1470 iudicandum.
753 1449 865 1480 neque
895 1440 989 1471 enim
1019 1439 1294 1480 interpolatoris,
1328 1449 1432 1481 quem
1469 1438 1585 1478 finxit,
1626 1450 1704 1472 con-

159 1488 277 1520 silium
319 1488 502 1521 Bentleius
548 1489 635 1521 satis
680 1490 831 1532 aperuit,
873 1501 914 1522 ac
954 1501 998 1522 ne
1040 1490 1129 1522 illud
1174 1490 1317 1532 quidem
1362 1490 1626 1530 animaduertit,
1669 1491 1706 1523 in

159 1539 336 1572 codicibus
360 1551 441 1577 non,
469 1541 564 1583 quod
595 1541 669 1583 ipse
694 1541 806 1580 dedit,
843 1541 1034 1574 inuenturis
1064 1542 1186 1574 haberi
1216 1541 1277 1574 sed
1304 1542 1402 1574 nulla
1432 1545 1495 1574 aut
1528 1543 1706 1575 sententia

158 1594 221 1623 aut
244 1592 414 1624 orationis
434 1595 616 1624 structura
639 1592 844 1625 inuenturos.
895 1593 955 1635 qui
978 1593 1072 1635 quod
1094 1593 1189 1625 haud
1212 1594 1340 1625 iniuria
1361 1593 1593 1636 uituperauit,
1611 1594 1707 1627 sidus

159 1643 275 1682 horae,
308 1643 345 1675 id
375 1654 469 1675 nunc
500 1644 655 1682 remoui3
689 1655 731 1676 ex
764 1645 909 1686 reliquis
943 1645 1246 1677 criminationibus
1277 1655 1348 1677 una
1379 1647 1520 1677 tantum
1554 1646 1706 1687 speciem

160 1694 312 1736 aliquam
338 1694 466 1726 habet:
504 1695 604 1737 ‘quis
628 1695 717 1727 illud
743 1706 841 1737 quem
865 1701 1055 1728 memorant
1082 1696 1196 1728 ferat?
1241 1696 1341 1738 quasi
1365 1707 1458 1728 nunc
1479 1697 1643 1738 primum,
1670 1699 1706 1729 et

160 1756 230 1777 non
257 1746 388 1788 septies
414 1748 509 1786 ante,
539 1747 745 1787 horoscopon
771 1747 1048 1780 memorauerit'.
1106 1747 1168 1779 sed
1191 1748 1256 1779 hoc
1283 1750 1389 1789 poeta
1418 1747 1517 1787 dicit,
1550 1748 1704 1780 ortiuum

159 1797 337 1829 cardinem
361 1800 550 1839 propterea
574 1798 619 1830 ab
646 1798 734 1830 artis
761 1798 1004 1830 inuentoribus
1028 1799 1257 1841 horoscopum
1284 1798 1456 1841 appellari
1482 1799 1565 1840 quia
1592 1809 1634 1830 ex
1665 1810 1705 1831 eo

159 1848 265 1880 horae
289 1848 361 1881 diei
385 1852 625 1889 numerentur,
654 1852 696 1882 ut
720 1850 809 1882 nihil
835 1851 962 1882 mirum
988 1850 1037 1882 sit
1061 1851 1090 1882 si
1114 1850 1325 1892 quibusdam
1348 1850 1484 1892 placeat
1507 1853 1705 1892 temporum

162 1900 372 1932 diuisionem
403 1900 560 1932 indidem
591 1901 754 1943 incipere.
815 1902 897 1933 uide
935 1911 965 1933 11
1004 1902 1111 1934 826-9
1149 1901 1281 1942 (cardo)
1320 1901 1478 1934 nitentem
1500 1901 1504 1943 Ι
1523 1902 1583 1943 qui
1621 1906 1705 1934 tenet

162 1956 329 1991 exortum,
381 1962 450 1993 qua
492 1951 649 1993 primum
697 1953 813 1985 sidera
866 1958 1019 1995 surqunt,
1044 1952 1049 1995 l
1067 1964 1120 1985 u'n
1130 1953 1175 1985 de
1216 1953 1302 1985 dies
1346 1953 1435 1985 redit
1477 1958 1507 1985 et
1552 1958 1706 1995 tempus

160 2002 354 2035 describit
392 2002 434 2035 in
470 2004 602 2043 horas,
625 2005 629 2045 Ι
651 2003 743 2037 hinc
782 2004 870 2036 inter
901 2004 1029 2037 Graias
1067 2004 1308 2045 horoscopus
1339 2004 1475 2036 editur
1505 2004 1624 2043 urbes-3
1663 2015 1705 2037 ex

159 2065 229 2097 quo
250 2054 327 2086 loco
347 2058 496 2096 apparet
517 2065 638 2087 uersus
660 2056 723 2088 538
745 2057 781 2087 et
802 2057 866 2088 539
887 2057 938 2088 ita
959 2056 1144 2088 cohaerere
1164 2058 1205 2088 ut
1226 2056 1393 2087 damnato
1409 2055 1470 2087 illo
1486 2055 1593 2087 etiam
1614 2055 1706 2088 alter

160 2105 380 2138 damnandus
395 2106 455 2144 sit,
473 2106 510 2138 id
525 2106 620 2148 quod
633 2106 718 2139 fecit
730 2107 920 2140 Breiterus.
970 2107 1164 2146 Bentleius,
1179 2110 1220 2139 ut
1231 2109 1312 2149 post
1324 2107 1475 2139 eiectum
1491 2107 1704 2140 uersiculum

161 2159 341 2189 constaret
356 2158 482 2197 oratio,
502 2158 605 2190 horae
622 2169 654 2190 u.
674 2159 737 2193 537
754 2158 789 2190 in
806 2165 884 2191 ortu
902 2159 1067 2199 mutauit,
1086 2158 1180 2201 quod
1201 2169 1280 2190 cum
1301 2158 1396 2190 haud
1417 2159 1577 2201 ineptum
1599 2162 1702 2199 esset,

162 2210 350 2242 Stoeberus
375 2210 462 2242 hora
487 2210 553 2249 (ita
574 2210 648 2243 cod.
665 2210 851 2250 Venetus),
871 2211 1016 2243 Ellisius
1040 2222 1096 2244 ore
1119 2212 1180 2250 (ita
1202 2210 1277 2243 cod.
1303 2221 1396 2253 corp.
1421 2210 1551 2244 Christ.
1576 2210 1705 2250 Oxon.)

161 2261 430 2303 praeferendum
446 2262 590 2304 putauit
679 2261 742 2293 539
757 2262 980 2295 describitur:
1006 2271 1036 2294 11
1052 2263 1115 2295 828
1132 2262 1220 2294 unde
1232 2262 1304 2294 dies
1320 2287 1328 2295 .
1350 2287 1357 2294 .
1378 2287 1386 2294 .
1407 2267 1536 2303 tempus
1548 2262 1707 2295 describit

160 2313 197 2345 in
218 2313 331 2352 horas,
357 2313 419 2345 ubi
440 2313 534 2355 quod
557 2314 679 2355 reponi
700 2317 863 2356 coeptum
885 2318 939 2347 est
959 2314 1126 2353 discribit,
1145 2314 1188 2346 de
1204 2324 1245 2346 ea
1261 2324 1298 2346 re
1313 2314 1399 2356 quid
1416 2314 1503 2346 mihi
1523 2314 1706 2347 uideretur

162 2364 206 2396 ad
237 2365 337 2397 illum
360 2375 501 2397 uersum
525 2365 621 2397 dixi:
655 2365 713 2398 hic
733 2366 825 2398 addo
850 2366 928 2399 Sen.
958 2377 1012 2409 ep.
1041 2367 1102 2399 108
1125 2367 1168 2399 20
1190 2377 1258 2398 uon
1280 2366 1391 2399 credis
1412 2366 1549 2398 animas
1571 2365 1609 2398 in
1630 2366 1706 2398 alia

162 2426 308 2457 corpora
333 2421 434 2458 atque
461 2416 535 2449 alia
561 2417 738 2449 describi
758 2423 787 2450 et
812 2417 1051 2459 miyrationem
1077 2428 1143 2450 esse
1170 2418 1262 2459 quod
1291 2418 1436 2450 dicimus
1466 2423 1618 2457 mortem,
1643 2417 1706 2450 ubi

163 2467 304 2499 discribi
325 2467 540 2500 nouantibus
563 2479 633 2500 non
656 2469 767 2511 magis
793 2469 946 2508 accedo;
977 2470 1083 2501 series
1106 2472 1161 2501 est
1185 2470 1291 2509 enim,
1317 2480 1387 2501 non
1413 2468 1619 2501 distributio

204 2518 268 2549 540
283 2521 345 2557 agl
359 2522 430 2558 ΕΜ,
448 2522 527 2558 agit
543 2519 609 2552 αι’
696 2519 757 2551 541
783 2523 899 2559 capite
926 2521 1001 2553 cod.
1018 2521 1135 2560 BodL,
1159 2524 1257 2559 capit
1282 2524 1376 2553 ΘΒΜ.
1425 2520 1545 2562 capite,
1571 2520 1705 2562 origine

245 2569 309 2601 542
324 2573 490 2609 tradique
507 2571 544 2603 F.
565 2571 700 2611 Iunius,
718 2574 832 2604 tradit
847 2572 930 2604 libri
1017 2572 1081 2603 543
1096 2575 1192 2605 socia
1206 2575 1252 2612 Μ,
1272 2575 1393 2612 spacia
1407 2575 1431 2604 1.
1446 2572 1520 2604 cod.
1532 2571 1700 2611 Venetus,

158 2623 279 2659 spatia
305 2624 330 2652 G
417 2626 610 2655 nascantur
640 2622 767 2664 Fayus‚
802 2627 999 2656 nascuntur
1028 2623 1120 2656 libri.
1170 2624 1434 2656 subiunctiuum
1464 2623 1531 2656 etsi
1561 2623 1704 2665 obliqua

159 2672 272 2704 oratio
309 2683 379 2704 non
422 2674 571 2716 requirit
615 2674 711 2713 (uide
752 2675 904 2717 exempli
937 2675 1052 2717 gratia
1089 2675 1193 2708 Ouid.
1230 2676 1323 2708 trist.
1359 2684 1404 2707 111
1436 2674 1454 2710 7
1491 2675 1511 2708 9
1544 2674 1704 2716 quamuis

158 2734 309 2763 nocuere,
339 2733 364 2755 v
389 2726 428 2756 14
451 2726 494 2758 43
516 2726 600 2766 quia
622 2736 690 2758 non
711 2726 820 2766 sacis,
850 2728 928 2760 Seu.
956 2727 1000 2759 de
1023 2727 1099 2759 ben.
1127 2736 1173 2759 111
1195 2728 1238 2760 23
1261 2729 1282 2759 2
1304 2727 1341 2759 in
1362 2737 1431 2768 qua
1453 2725 1643 2759 seruierant
1666 2730 1703 2758 et

155 2780 192 2806 ut
223 2775 337 2814 rediit,
370 2775 454 2808 dial.
489 2785 544 2807 V11
572 2777 612 2809 10
640 2778 655 2809 1
682 2777 751 2809 ‘nisi
777 2777 892 2818 uiuit),
926 2778 1074 2820 requirit
1104 2782 1221 2810 tamen
1252 2777 1496 2820 aequabilitas,
1529 2780 1700 2819 sequente

156 2827 279 2858 statim
303 2826 394 2868 quod
412 2833 584 2868 perayant
672 2828 736 2859 544
759 2831 920 2862 diuersas
938 2854 945 2862 .
965 2854 972 2862 .
993 2854 1001 2862 .
1021 2832 1117 2862 uices
1140 2832 1209 2869 Lm,
1234 2832 1369 2863 diuisas
1386 2853 1393 2861 .
1414 2853 1421 2862 .
1443 2854 1450 2862 .
1471 2831 1566 2861 ciues
1589 2831 1615 2861 G
