1877 3146
641 111 1126 155 ASTRONOMICON
1167 112 1242 153 III
1659 111 1714 148 47

353 227 397 264 et
415 223 553 265 tribus
574 223 752 278 expletis
773 223 884 265 horis
904 228 1158 279 noctemque
1177 223 1372 278 diemque

352 296 558 353 Lanigero
577 298 753 339 tradant
773 298 1042 353 aequandam
1060 304 1252 353 tempore
1270 298 1391 339 ueris.

226 377 296 409 465
352 370 500 426 incipit
521 386 546 412 a
565 377 687 413 sexta
706 377 876 427 tempus
896 373 1119 427 procedere
1138 377 1260 427 parte

352 445 577 487 diuiduum
596 461 604 496 3
640 446 859 501 tiiplicant
878 446 987 488 uires
1008 447 1224 488 haerentia
1243 446 1361 502 signa

351 519 588 574 ultimaque
608 525 803 575 acceptas
824 520 1055 575 duplicant.
1114 521 1175 562 ita
1195 535 1360 562 summa
1381 519 1528 561 diebus

225 601 294 631 473
351 593 556 644 redditur,
578 599 786 649 aequatae
805 595 1029 636 soluuntur
1048 595 1215 636 faenere
1234 600 1378 636 noctes

351 682 495 709 rursus
515 674 558 709 et
578 668 786 723 incipiunt
806 669 974 724 propria
994 669 1046 710 de
1065 674 1178 711 sorte
1198 669 1345 710 diebus

224 748 293 780 468
350 741 495 783 cedere
515 742 681 783 diuersa
700 742 888 784 labentia
907 749 1102 798 tempora
1121 744 1220 798 lege.

348 830 533 871 namque
553 816 671 857 Aries
690 817 873 858 totidem
892 817 1065 860 deducit
1084 818 1280 859 noctibus
1301 818 1425 858 horas

223 897 292 928 470
350 896 455 944 quot
475 890 591 945 prius
611 890 876 933 abstulerant
896 892 1065 946 proprio
1084 891 1164 933 sub
1184 891 1353 932 nomine
1372 891 1523 940 Pisces,

349 965 451 1005 hora
471 964 599 1006 datur
619 965 770 1015 Tauro,
793 966 1064 1021 cumuletque
1084 972 1133 1008 ut
1153 966 1309 1007 damna
1329 965 1469 1020 priora

347 1038 569 1080 dimidiam
588 1039 827 1095 adiungunt
848 1040 1025 1082 Gemini.
1084 1040 1143 1082 sic
1162 1041 1314 1082 ultima
1334 1040 1478 1095 primis

222 1121 291 1152 475
346 1114 615 1168 respondent,
638 1114 891 1169 pariterque,
914 1115 993 1156 illis
1014 1129 1122 1170 quae
1143 1115 1336 1170 proxima
1355 1114 1532 1169 fulgent,

165 1251 457 1294 acquiescendum
490 1252 643 1285 uidetur.
704 1256 875 1295 quantum
914 1256 1032 1284 autem
1070 1253 1138 1284 sibi
1176 1254 1395 1284 constituant
1432 1251 1560 1289 Pisces,
1600 1261 1708 1292 quan-

166 1306 242 1335 tum
269 1314 289 1335 a
319 1303 496 1346 prioribus
526 1305 714 1346 accipiant,
747 1304 968 1346 intellegitur
994 1315 1035 1336 ex
1070 1304 1178 1336 tribus
1211 1304 1349 1345 expletis
1383 1303 1476 1336 horis
1507 1303 1582 1341 463,
1618 1313 1707 1344 quae

165 1366 301 1387 summa
317 1355 504 1388 dimidiata
520 1355 639 1387 reddit
655 1356 894 1398 sesquihoram
982 1355 1047 1387 464
1069 1358 1265 1398 aequantur
1285 1366 1354 1387 nox
1376 1358 1412 1387 et
1431 1355 1505 1386 dies
1521 1355 1557 1386 in
1574 1354 1708 1385 Arietis

164 1407 350 1449 principio,
362 1407 456 1449 quod
473 1418 493 1438 a
505 1407 574 1439 fine
586 1407 741 1440 Piscium
752 1408 848 1439 nullo
860 1408 1047 1439 interuallo
1060 1408 1172 1440 distat
1244 1407 1394 1438 465-467
1410 1407 1708 1446 (ἀνακεφαλαίωσισ-

165 1459 323 1490 methodi
348 1459 522 1491 traditae'
547 1459 701 1501 Scaliger
787 1459 851 1490 465
874 1463 977 1499 parte
996 1459 1070 1499 (ΗΡ,
1089 1469 1154 1498 par
1180 1463 1321 1498 tempus
1341 1463 1375 1491 M
1399 1463 1434 1491 et
1458 1462 1499 1491 ut
1522 1458 1665 1490 uidetur
1683 1461 1708 1490 1.

250 1510 314 1541 466
338 1511 400 1542 uix
415 1511 577 1543 credibili
592 1522 709 1543 errore
725 1511 890 1553 Scaliger,
909 1522 1011 1553 quem
1034 1515 1174 1553 praeter
1195 1511 1361 1543 Iacobum
1382 1522 1502 1543 omnes
1524 1514 1705 1550 secuntur,

164 1562 341 1603 triplicant
363 1563 398 1594 in
422 1563 601 1604 duplicant
625 1567 662 1596 et
685 1574 718 1596 ιι.
739 1565 802 1598 467
827 1564 1005 1605 duplicant
1030 1564 1065 1595 in
1089 1564 1267 1605 triplicant
1289 1564 1455 1595 mutauit.
1504 1563 1591 1595 mihi
1612 1566 1708 1595 certe

162 1615 356 1656 triplicata,
382 1625 452 1646 non
483 1615 677 1657 duplicata,
707 1615 880 1647 semihora
903 1616 1154 1658 sesquihoram,
1187 1615 1380 1657 duplicata,
1413 1626 1483 1647 non
1513 1616 1707 1657 triplicata,

163 1666 366 1708 sesquihora
396 1669 468 1698 tres
499 1667 601 1699 horas
628 1667 762 1699 efficere
786 1667 930 1699 uidetur
1016 1669 1202 1700 haerentia
1229 1667 1540 1709 Regiomontanus,
1567 1670 1709 1700 arentia.

163 1717 255 1750 libri.
305 1718 493 1757 haerentia,
511 1720 684 1760 proxima,
707 1723 748 1751 ut
770 1728 810 1751 IV
831 1720 906 1758 356,
925 1720 999 1752 860.
1049 1719 1092 1751 de
1114 1719 1243 1761 plurali
1261 1721 1359 1760 siyna
1380 1720 1578 1761 Aquarium
1601 1719 1707 1762 signi-

162 1769 284 1802 ficanti
301 1770 376 1802 dixi
392 1770 437 1802 ad
453 1771 517 1803 456
604 1770 668 1802 473
691 1770 756 1802 474
771 1776 854 1803 ante
868 1770 932 1802 468
949 1772 1091 1803 traiecit
1107 1771 1302 1810 Bentleius,
1321 1771 1465 1803 omissos
1485 1771 1529 1803 ob
1548 1771 1707 1803 homoeo-

162 1822 321 1853 teleuton
337 1826 373 1853 et
389 1821 502 1854 alieno
519 1822 594 1854 loco
611 1823 804 1864 repositos;
828 1824 892 1855 468
913 1826 994 1864 post
1014 1824 1079 1857 474
1101 1823 1342 1855 collocandum
1363 1833 1438 1854 esse
1459 1823 1528 1854 iam
1552 1822 1708 1866 Scaliger

161 1873 388 1906 intellexerat
479 1874 561 1913 ‘ita‚
592 1885 669 1906 cum
697 1874 742 1906 ad
771 1874 928 1906 Arietem
951 1878 1096 1906 uentum
1119 1878 1181 1913 est,
1209 1885 1342 1906 summa
1368 1885 1431 1906 sua
1457 1883 1515 1906 ΧΠ
1541 1875 1706 1907 horarum

161 1925 278 1957 diebus
298 1926 468 1964 redditur,
488 1930 524 1957 et
545 1931 664 1965 noctes,
691 1937 779 1967 quae
801 1926 903 1958 horas
924 1926 1064 1958 foenere
1084 1930 1318 1968 sumpserant,
1345 1927 1535 1966 soluuntur,
1554 1930 1595 1958 ut
1618 1927 1707 1959 nihil

161 1977 285 2010 diebus
301 1978 370 2009 iam
387 1977 558 2009 debeant’
574 1977 767 2010 Bentleius.
818 1978 1005 2010 translatio
1027 1989 1048 2010 a
1069 1989 1106 2010 re
1129 1979 1332 2020 pecuniaria
1354 1981 1518 2010 seruatur
1541 1979 1649 2011 etiam
1671 1980 1707 2011 in

161 2034 247 2061 sorte
264 2031 340 2068 474,
357 2029 491 2061 nomine
508 2030 572 2064 470
659 2029 723 2060 468
747 2032 868 2062 cedere
887 2033 933 2069 Μ,
952 2033 1097 2062 caedere
1113 2033 1149 2069 G,
1169 2033 1344 2062 c2÷÷÷edere
1364 2033 1396 2062 L.
1445 2031 1559 2062 cedere
1581 2032 1707 2063 transi-

161 2082 277 2113 tiuum
293 2092 378 2120 esse,
394 2084 434 2112 ut
451 2090 480 2112 11
497 2082 561 2113 585
576 2081 665 2113 alter
680 2082 771 2122 quod
786 2087 922 2122 raperet
931 2081 1145 2124 fatum‚{non
1161 2082 1288 2114 cederet
1304 2082 1445 2121 (fatum)
1458 2083 1556 2121 alter,
1572 2086 1706 2115 noctes-

161 2143 229 2174 que
251 2132 375 2165 diebus
401 2135 561 2175 tempora
589 2133 778 2165 concedere
806 2133 887 2172 dici,
916 2144 1128 2176 quamquam
1160 2133 1355 2165 Bannierus
1384 2134 1474 2166 thes.
1504 2134 1587 2177 ling.
1624 2135 1702 2167 Lat.

161 2194 207 2216 111
231 2195 264 2226 p.
290 2185 354 2219 730
375 2185 416 2219 79
437 2194 487 2226 sq.
512 2196 583 2216 non
603 2185 793 2223 intellexit,
819 2186 976 2217 ostendit
1000 2186 1172 2222 additum,
1195 2185 1288 2227 quod
1308 2186 1413 2217 aliter
1435 2186 1705 2228 explicationem

161 2247 231 2268 non
252 2236 371 2276 habet,
390 2237 542 2277 propria
560 2237 601 2268 de
623 2242 720 2269 sorte.
770 2238 820 2268 ita
838 2237 958 2270 Cicero
978 2237 1021 2269 de
1043 2237 1100 2269 off.
1126 2247 1154 2268 11
1177 2239 1218 2269 64
1236 2238 1345 2269 multa
1368 2237 1484 2269 multis
1499 2238 1540 2270 de
1555 2249 1615 2270 suo
1631 2238 1705 2271 iure

162 2289 349 2325 cedentem;
373 2299 442 2320 non
463 2299 545 2320 sane
564 2292 627 2320 aut
645 2288 690 2320 ad
712 2289 790 2320 Att.
811 2298 884 2321 XIII
902 2290 943 2320 ‘21
962 2290 980 2324 7
997 2293 1060 2321 aut
1075 2289 1120 2321 ad
1137 2289 1218 2320 fam.
1239 2298 1279 2320 IV
1301 2291 1322 2320 4
1340 2291 1369 2328 1,
1388 2300 1477 2331 quos
1496 2290 1588 2322 locos
1613 2290 1704 2322 idem

160 2339 356 2372 Bannierus
379 2339 468 2371 falso
492 2340 748 2381 interpretatus
772 2340 896 2372 alienis
923 2341 1115 2372 immiscuit
1138 2340 1223 2372 ibid.
1246 2351 1279 2382 p.
1304 2341 1367 2374 725
1391 2341 1476 2375 74—6
1564 2341 1705 2374 diuersa

160 2392 229 2424 iam
253 2395 290 2423 et
312 2391 422 2433 priori
445 2392 621 2423 contraria
650 2392 719 2432 le9e
745 2392 916 2424 labuntur
945 2394 1115 2434 tempora,
1145 2403 1292 2434 quorum
1325 2393 1552 2432 incrementa,
1581 2404 1658 2426 cum
1683 2405 1703 2426 a

159 2442 372 2485 Capricorno
396 2443 442 2474 ad
472 2443 589 2475 Pisces
617 2447 721 2475 aucta
747 2444 831 2482 sint,
861 2443 904 2475 ab
929 2444 1050 2475 Ariete
1077 2444 1122 2475 ad
1153 2443 1318 2475 Geminos
1343 2445 1553 2476 minuuntur
1639 2445 1705 2477 469

159 2495 299 2527 totidem
320 2495 433 2533 horas,
458 2505 563 2526 unam
582 2505 661 2526 cum
683 2495 830 2527 dimidia
916 2494 979 2526 471
1003 2506 1067 2537 pro
1083 2495 1225 2527 cumulet
1243 2495 1397 2537 Scaliger
1412 2496 1591 2535 cumulent,
1610 2497 1704 2539 quod

158 2557 238 2585 cum
262 2549 402 2588 praeter
425 2547 671 2583 necessitatem
695 2546 829 2578 factum
857 2547 904 2578 sit
929 2557 1099 2578 consensu
1125 2546 1307 2588 probatur.
1356 2546 1496 2579 Gemini
1520 2548 1703 2581 dimidiam

158 2599 279 2630 horam
309 2598 520 2640 adiungunt,
554 2601 595 2630 ut
622 2609 661 2629 ea
685 2598 833 2630 dimidia
864 2599 1020 2631 cumulet
1046 2598 1174 2630 damna
1200 2609 1220 2630 a
1247 2598 1410 2631 noctibus
1434 2604 1516 2642 post
1541 2600 1703 2633 brumam

157 2654 303 2693 accepta
330 2653 366 2682 et
390 2649 434 2681 ad
459 2659 500 2681 VI
525 2649 688 2682 horarum
713 2661 884 2682 summam
910 2650 1080 2692 perducat
1166 2650 1230 2682 472
1253 2653 1386 2689 gemini
1409 2654 1445 2690 G,
1468 2655 1619 2690 geminis
1642 2656 1700 2686 ΕΜ

245 2701 377 2739 ultima,
409 2700 559 2739 Gemini,
586 2701 787 2742 respondent
805 2701 945 2742 primis,
975 2701 1200 2744 Capricorno,
1230 2701 1412 2734 dimidiam
1435 2703 1555 2735 horam
1579 2704 1702 2736 adiun-

157 2753 282 2796 gendo.
331 2753 374 2785 de
398 2753 593 2795 pluralibus
617 2752 692 2785 dixi
716 2753 760 2785 ad
783 2754 847 2786 456
935 2753 998 2784 475
1023 2753 1250 2795 interpunxi:
1274 2754 1382 2794 uulgo
1398 2756 1599 2796 pariterque
1618 2756 1699 2795 illis,

158 2816 246 2848 quae
269 2809 351 2845 etc„
381 2807 422 2837 ut
446 2804 589 2836 datiuus
616 2815 637 2836 a
658 2804 798 2845 pariter
827 2815 1016 2846 suspensus
1042 2805 1100 2837 sit.
1158 2805 1298 2837 Gemini
1322 2804 1535 2847 Capricorno
1560 2818 1699 2849 respon-

159 2858 257 2897 dent,
289 2856 491 2899 pariterque
521 2859 616 2888 astra
647 2866 698 2893 ea,
730 2866 819 2898 quae
849 2856 920 2888 illis
954 2856 1090 2888 duobus
1124 2856 1284 2898 proxima
1313 2856 1463 2899 fulgent,
1500 2858 1635 2891 Taurus
1666 2863 1704 2891 et
