1877 3146
625 150 1111 195 ASTRONOMICON
1151 153 1228 196 III
1643 159 1695 198 51

337 262 492 304 natalis
512 263 661 305 mundi
681 269 881 320 certoque
900 264 1157 321 horoscopus
1176 270 1285 316 ortu,

212 343 282 375 505
336 341 399 387 ut,
421 350 518 378 cum
539 343 690 380 exacta
708 338 812 381 fides
831 339 999 381 steterit
1017 339 1097 381 sub
1116 339 1287 383 cardine
1306 340 1456 396 primo,

337 409 480 452 fallere
499 425 584 453 non
604 412 769 467 possint
787 413 943 455 summi
961 412 1131 470 fastigia
1151 414 1267 463 caeli,

337 499 422 526 non
442 485 590 527 celeres
610 485 765 537 obitus,
785 492 902 529 stent
921 487 1203 530 fimdamenta
1221 488 1302 531 sub
1321 488 1419 539 imo,

337 560 470 612 [stent
489 559 578 601 ueri
596 560 817 603 stellarum
836 566 955 604 ortus
974 561 1147 618 uerique
1165 561 1384 617 subortus]

336 632 561 689 sideraque
579 634 623 675 in
642 635 834 691 proprias
852 635 962 678 uires
981 641 1201 692 sortesque
1219 637 1431 679 recedant.

212 714 281 746 510
391 721 503 750 nunc
522 722 600 750 sua
618 708 849 751 reddentur
868 710 1102 766 generatim
1119 716 1315 766 tempora
1333 711 1474 768 signis,

155 821 201 853 ad
217 823 292 857 497.
340 824 462 857 credas
477 825 575 858 illam
591 826 679 858 astri
694 829 832 868 partem
847 827 1095 869 horoscopasse
1182 827 1247 859 504
1260 827 1388 860 natalis
1403 827 1536 867 mundi,
1554 829 1698 859 exortus

155 873 254 914 caeli,
284 875 507 919 horoscopus.
556 887 587 909 11
611 878 672 913 791
700 882 819 910 exortu
849 879 954 911 caeli
975 878 1180 912 nascentis
1208 879 1244 911 in
1272 879 1393 916 orbem,
1422 888 1468 911 111
1490 879 1567 918 537,
1593 887 1606 910 1
1633 878 1696 912 477

155 926 392 968 natalesque
424 938 500 960 suos
532 939 791 970 occasumque
823 930 941 962 ordine
967 934 1106 962 seruant
1135 931 1261 973 (signa)
1350 929 1499 962 505-507
1529 932 1592 962 ‘ut
1618 939 1697 962 cum

154 978 272 1009 certus
288 978 336 1010 sis
351 977 395 1010 de
411 978 602 1021 horoscopo
625 980 684 1022 qui
709 980 814 1012 cardo
830 981 965 1023 primus
988 984 1054 1020 est,
1072 984 1146 1013 tres
1170 981 1308 1023 reliqui,
1326 981 1363 1014 in
1379 991 1515 1013 summo
1535 980 1642 1019 caelo,
1660 980 1697 1012 in

154 1038 290 1068 occasu,
308 1033 346 1062 et
368 1030 404 1062 in
427 1031 497 1062 imo
520 1031 628 1070 caelo,
654 1042 723 1064 non
746 1033 883 1073 possint
903 1036 938 1064 te
959 1032 1104 1072 fallere;
1128 1043 1207 1065 cum
1227 1033 1341 1075 primo
1362 1033 1509 1065 inuento
1532 1036 1628 1065 certa
1651 1032 1698 1064 sit

154 1082 351 1112 ceterorum
381 1082 501 1120 statio,
534 1082 616 1114 orbe
646 1085 724 1115 toto
751 1084 788 1115 in
815 1086 985 1126 quattuor
1011 1084 1173 1126 aequales
1200 1087 1319 1126 partes
1345 1083 1479 1116 diuiso'
1503 1083 1695 1116 Bentleius.

154 1130 237 1163 uide
267 1132 374 1167 215-7
405 1133 633 1174 deprendere.
654 1159 662 1166 .
684 1159 691 1167 .
711 1144 798 1175 quae
823 1145 913 1176 pars
947 1140 1129 1167 exortum
1160 1135 1215 1167 uel
1245 1145 1332 1174 quae
1354 1134 1541 1176 fasciqia
1576 1133 1699 1167 mundi

155 1182 330 1222 (obtineat
359 1185 430 1224 uel)
461 1185 600 1227 auferat
635 1196 801 1218 occasus
839 1190 899 1218 aut
937 1186 1014 1219 imo
1052 1186 1175 1218 sederit
1213 1187 1303 1218 orbe
1391 1186 1452 1217 505
1484 1197 1564 1219 cum
1594 1185 1699 1218 cardo

154 1235 292 1267 ortiuus
308 1236 490 1278 explorate
504 1239 692 1279 perceptus
708 1237 777 1269 erit
793 1240 829 1269 et
845 1238 1006 1279 cognitus
1094 1241 1220 1270 exacta
1241 1237 1435 1277 Bentleius,
1454 1247 1498 1270 ex
1516 1240 1584 1270 hac
1604 1237 1699 1269 libri.

155 1285 258 1318 Ouid.
278 1297 320 1319 ex
337 1287 440 1320 Pont.
460 1297 501 1319 1v
516 1288 536 1320 9
551 1289 594 1320 46
610 1293 731 1321 exacta
753 1293 874 1321 cuncta
896 1289 1008 1321 locare
1022 1288 1098 1330 fide
1185 1292 1273 1321 fides
1296 1292 1391 1328 cm,
1412 1292 1512 1321 sedes
1534 1299 1598 1331 pro
1620 1299 1696 1321 uar.

155 1347 219 1370 scr.
248 1337 286 1370 L²
373 1337 436 1370 506
460 1342 600 1378 possint
624 1340 936 1382 Regiomontanus,
965 1343 1081 1379 possit
1107 1339 1189 1373 libri
1276 1340 1400 1372 summi
1421 1339 1573 1382 foesciqia
1600 1340 1696 1378 caeli,

153 1391 390 1431 μεσουράνημα,
406 1399 435 1422 11
452 1392 515 1425 795
531 1391 652 1423 excelsi
668 1416 675 1423 .
697 1416 704 1424 .
725 1416 732 1423 .
745 1391 898 1432 sastiqz’a
915 1392 1012 1430 caeli,
1031 1400 1077 1423 111
1093 1392 1157 1424 216
1172 1392 1323 1433 fastigia
1340 1391 1463 1424 mundi
1551 1390 1612 1423 507
1628 1400 1699 1424 non

155 1443 286 1474 celeres
301 1442 334 1481 ''¹¹‘’
354 1445 516 1474 nosceret
542 1445 588 1481 Μ,
606 1451 676 1475 non
702 1446 795 1475 feret
809 1446 833 1474 1..
859 1446 896 1474 et
923 1444 1028 1482 (feret
1050 1453 1138 1475 corr.
1165 1453 1208 1475 ex
1231 1445 1356 1482 ferret)
1379 1446 1415 1482 G,
1442 1445 1599 1475 conferet
1619 1443 1694 1475 cod.

153 1492 314 1525 Venetus
402 1496 520 1525 obitus
545 1494 620 1526 cod.
648 1494 757 1533 Flor„
781 1497 912 1527 oblitus
937 1497 1031 1526 (ΗΜ.
1080 1494 1300 1537 significatur
1323 1496 1426 1533 δύσισ,
1453 1496 1543 1526 δῦνον
1631 1505 1698 1527 non

153 1544 222 1576 seri
237 1550 266 1577 te
282 1544 390 1577 obitus
405 1544 588 1577 Bentleius
605 1545 746 1578 elisione
764 1545 858 1577 haud
874 1546 1080 1578 Maniliana.
1129 1546 1256 1578 Auien.
1279 1546 1377 1578 Arat.
1398 1547 1462 1579 854
1477 1556 1613 1578 occasus
1629 1570 1636 1578 .
1658 1570 1665 1578 .
1688 1571 1694 1578 .

154 1596 251 1636 celer,
271 1597 355 1629 1599
368 1597 468 1629 celeri
484 1622 490 1629 .
513 1622 519 1629 .
542 1622 549 1629 .
570 1602 669 1636 orcu3
693 1597 762 1629 alio
779 1608 881 1629 sensu
906 1597 983 1630 Val.
1005 1597 1101 1630 Max.
1122 1607 1162 1629 IV
1178 1599 1197 1630 6
1216 1599 1231 1630 1
1250 1598 1387 1630 celerem
1407 1597 1534 1630 obitum
1555 1597 1696 1630 instare.

153 1648 272 1681 celeres
287 1648 409 1680 eodem
425 1652 563 1691 spectat
578 1659 647 1691 quo
663 1660 696 1681 u.
717 1650 781 1681 503
793 1649 932 1689 rapidis
947 1674 954 1682 .
978 1674 984 1681 .
1007 1674 1013 1681 .
1034 1649 1071 1681 in
1087 1649 1210 1686 ascris;
1234 1660 1315 1681 nam
1330 1652 1517 1692 propterea
1539 1649 1699 1682 cardines

153 1699 314 1733 difficiles
334 1701 484 1733 inuentu
500 1704 584 1732 sunt
605 1703 641 1732 et
662 1700 944 1732 obseruationem
966 1700 1109 1740 fallunt,
1128 1701 1211 1743 quia
1227 1704 1329 1733 tanta
1345 1701 1525 1733 eeleritate
1546 1701 1699 1733 mundus

153 1752 269 1784 oritur
291 1751 490 1793 occiditque
578 1756 673 1790 stent,
699 1755 872 1790 constent,
897 1755 993 1784 certo
1016 1755 1196 1794 comperta
1219 1755 1419 1791 teneantur,
1441 1755 1482 1784 ut
1505 1761 1535 1784 11
1556 1753 1620 1787 770
1642 1763 1693 1795 sq.

153 1813 230 1836 cum
251 1803 368 1836 omnia
391 1808 483 1835 certa
502 1803 507 1845 l
527 1804 649 1836 noticia
665 1803 827 1842 steterint,
846 1812 892 1835 111
910 1805 973 1836 588
990 1814 1066 1835 cum
1081 1803 1158 1836 bene
1174 1803 1333 1836 materies
1355 1803 1480 1836 steterit
1495 1804 1697 1845 percoynz‘ta

152 1865 291 1894 rerum;
323 1865 545 1897 quamquam,
576 1866 655 1887 cum
683 1854 815 1887 dicitur
841 1860 925 1887 stent
943 1855 1190 1896 fundamenta,
1219 1856 1335 1887 minus
1362 1855 1571 1888 obscuratur
1597 1856 1697 1889 uerbi

152 1906 366 1949 significatio
395 1906 600 1949 principalis
680 1906 928 1947 fundamenta,
964 1908 1114 1947 ὑπόγειον
1202 1906 1265 1937 508
1297 1910 1396 1939 stent
1425 1906 1499 1944 ΕΠ,
1532 1910 1632 1940 stant
1661 1911 1695 1945 L,

153 1961 226 1991 sint
241 1961 276 1990 Μ
363 1962 531 1990 subortus
547 1961 592 1997 M,
611 1961 677 1990 sub
700 1961 799 1990 ortus
822 1961 872 1990 GL
959 1968 1100 1990 uersum
1123 1957 1257 1990 deleuit
1280 1958 1473 1990 Bentleius.
1521 1959 1696 1992 stellarum

151 2010 285 2042 mentio
311 2009 442 2042 absona
469 2013 533 2048 est,
565 2020 654 2052 quae
680 2010 846 2052 quoniam
874 2020 984 2052 uagae
1009 2013 1104 2048 sunt,
1135 2009 1211 2041 ueri
1236 2020 1356 2041 earum
1382 2013 1483 2042 ortus
1511 2011 1700 2053 compertis

151 2061 354 2095 cardinibus
377 2061 534 2094 nondum
555 2063 726 2103 comperti
742 2065 826 2094 sunt
841 2061 903 2093 sed
919 2061 1035 2094 adhuc
1050 2061 1242 2104 quaerendi
1258 2073 1266 2099 ;
1289 2061 1445 2094 subortus
1467 2065 1586 2094 autem
1612 2063 1698 2105 quid

153 2113 200 2146 sit
227 2124 402 2156 quamque
426 2113 507 2145 hinc
529 2113 684 2145 alienum
707 2113 928 2155 intellegitur
951 2124 994 2145 ex
1018 2112 1119 2145 Lucr.
1140 2124 1161 2144 v
1187 2113 1252 2146 303
1275 2124 1325 2155 sq.
1346 2123 1387 2145 ea:
1410 2113 1481 2145 alio
1503 2118 1604 2155 atque
1627 2115 1697 2147 alio

152 2166 260 2198 lucem
296 2165 426 2197 iactare
463 2165 603 2197 subortu
623 2164 627 2206 Ι
647 2170 676 2197 ec
713 2165 865 2206 primum
903 2164 1067 2206 quicquid
1096 2164 1325 2207 flammarum
1360 2165 1507 2206 perdere
1543 2176 1695 2207 semper:

153 2217 333 2250 suboritur
354 2217 491 2249 scilicet
511 2216 605 2258 quod
631 2217 667 2248 in
691 2217 811 2248 amissi
834 2216 948 2248 locum
971 2217 1096 2248 oritur.
1146 2227 1227 2248 uere
1251 2219 1291 2248 ut
1315 2216 1470 2256 uidetur,
1493 2217 1555 2249 sed
1577 2220 1698 2250 tamen

152 2269 298 2307 frustra,
327 2267 569 2300 Wakefieldus
594 2268 639 2300 ad
664 2268 763 2300 illum
791 2268 949 2300 Lucretii
979 2279 1121 2300 uersum
1147 2268 1275 2300 collato
1301 2267 1406 2310 Verg.
1440 2279 1557 2311 georg.
1590 2278 1605 2301 1
1633 2270 1698 2304 257

151 2321 328 2362 siqnmmm
343 2319 450 2352 obitus
466 2320 682 2361 speculamur
698 2325 728 2352 et
744 2325 838 2352 ortus
851 2320 1002 2352 coniecit
1017 2325 1101 2352 stent
1118 2319 1193 2352 ueri
1209 2320 1386 2352 stellarum
1408 2320 1538 2353 obitus
1560 2321 1698 2363 uerique

152 2373 329 2410 subortus;
364 2371 457 2414 quod
485 2372 516 2404 si
547 2372 690 2414 scripsit
717 2371 960 2414 interpolator,
992 2371 1146 2404 subortus
1177 2382 1241 2413 pro
1271 2371 1423 2414 simplici
1459 2377 1554 2405 ortus
1587 2373 1698 2416 accipi

157 2423 301 2457 uolebat
389 2423 453 2454 509
476 2426 594 2456 sidera
617 2423 798 2456 Breiterus
822 2424 858 2455 in
881 2423 1001 2456 Fleck.
1028 2423 1144 2456 annal.
1164 2423 1234 2456 uol.
1259 2424 1320 2456 139
1343 2434 1376 2466 p.
1397 2424 1473 2463 700,
1491 2427 1582 2457 dena
1603 2425 1698 2464 libri,

155 2476 272 2509 omnia
288 2475 479 2508 Bentleius.
526 2475 673 2508 inuento
688 2475 879 2517 horoscopo
895 2482 931 2508 et
947 2486 990 2507 ex
1005 2486 1045 2507 eo
1061 2478 1156 2507 sorte
1171 2475 1350 2507 Fortunae
1365 2475 1551 2508 duodecim
1566 2476 1698 2510 zodiaci

156 2528 272 2561 sidera
287 2527 472 2559 duodecim
488 2527 643 2559 sortibus
663 2527 738 2559 siue
761 2527 870 2559 athlis
890 2527 960 2559 rite
980 2526 1154 2559 accedunt
1176 2530 1283 2569 atque
1306 2527 1541 2569 applicantur,
1558 2529 1698 2571 singula

155 2579 315 2622 singulis,
334 2579 378 2611 ab
394 2579 514 2621 eisque
534 2579 628 2612 uires
650 2579 839 2621 accipiunt.
889 2579 953 2611 hoc
976 2579 1081 2618 enim,
1099 2579 1175 2618 rite,
1193 2577 1371 2621 significat
1392 2590 1430 2612 re
1451 2580 1637 2622 particula,
1656 2585 1698 2614 ut

155 2632 191 2664 in
218 2630 409 2664 reuocandi
435 2630 543 2663 uerbo
569 2640 616 2662 111
645 2631 707 2665 170
743 2630 774 2663 si
809 2641 883 2663 sua
920 2641 1110 2672 quemque
1146 2631 1237 2663 uoles
1273 2641 1466 2664 reuocare
1495 2632 1548 2664 ad
1581 2632 1698 2675 siqua

157 2684 334 2717 laborem
358 2682 408 2722 (id
431 2686 486 2715 est
508 2683 672 2722 athlum),
691 2692 721 2714 11
744 2683 806 2717 771
826 2682 991 2724 proprios
1013 2687 1213 2715 reuocentur
1234 2683 1283 2715 ad
1304 2693 1396 2723 usus,
1414 2692 1440 2714 v
1455 2684 1517 2716 521
1537 2695 1698 2718 reuocare

152 2745 228 2768 suos
245 2759 253 2768 .
279 2759 286 2767 .
308 2759 316 2767 .
338 2734 386 2766 ad
408 2744 498 2766 usus.
547 2744 617 2765 non
640 2733 861 2766 dissimiliter
883 2734 1042 2766 Velleius
1064 2743 1078 2766 1
1101 2734 1140 2769 17
1159 2735 1180 2766 5
1200 2733 1302 2766 huius
1317 2744 1394 2775 erqo
1416 2735 1639 2768 recedentis
1660 2737 1698 2768 in

156 2786 312 2828 quodque
327 2785 499 2818 saeculum
514 2784 728 2826 inqeniorum
743 2785 979 2818 similitudinis
999 2785 1296 2827 conqreqantisque
1311 2796 1344 2818 se
1359 2790 1389 2818 et
1404 2785 1442 2818 iu
1456 2786 1609 2820 studium
1628 2799 1699 2830 par

156 2838 234 2871 etin
246 2838 505 2870 emolumentum
517 2847 640 2869 causas
649 2847 724 2869 cum
733 2847 833 2879 saepe
845 2837 981 2879 requiro
1069 2837 1220 2869 510-559
1229 2837 1420 2880 exponitur
1428 2840 1698 2880 χρονοκρατορίασ·

157 2890 231 2923 siue
257 2889 435 2932 signorum
463 2889 499 2921 in
526 2888 666 2932 singula
692 2888 789 2921 uitae
813 2892 974 2931 tempora
998 2888 1250 2922 dominationis
1273 2889 1366 2921 ratio
1392 2889 1535 2932 duplex,
1562 2900 1631 2932 qua
1653 2890 1698 2924 de
