1877 3146
609 172 1095 216 ASTRONOMICON
1137 174 1213 215 ΙΙΙ
1629 177 1682 214 27

195 292 265 324 295
321 285 424 327 haec
444 285 517 327 ubi
538 285 807 327 constiterint
828 285 1021 340 uigilanti
1043 285 1214 327 condita
1235 290 1376 326 mente

322 359 408 400 iam
426 359 550 401 facile
570 365 634 401 est
652 359 746 409 tibi,
769 359 884 414 quod
905 359 1162 414 quandoque
1181 360 1430 414 horoscopet
1450 365 1624 409 astrum,

322 448 505 484 noscere,
527 447 625 475 cum
644 433 770 475 liceat
790 433 916 475 certis
935 434 1149 488 surgentia
1169 433 1286 489 signa

321 507 473 549 ducere
491 507 756 563 temporibus
776 507 1051 562 propriasque
1071 507 1307 549 adscribere
1326 507 1370 548 in
1389 507 1525 557 horas,

319 581 517 636 partibus
535 587 585 623 ut
605 581 716 623 ratio
735 581 854 636 signo
874 581 1056 623 ducatur
1075 581 1130 622 ab
1149 581 1232 632 illo,

195 663 264 694 300
320 655 363 697 in
385 670 468 710 quo
489 655 686 697 Phoebus
707 655 799 705 erit,
822 670 1004 710 quarum
1024 655 1127 696 mihi
1147 655 1313 697 reddita
1331 670 1498 697 summa
1518 661 1593 698 est.

376 729 450 771 sed
468 744 606 785 neque
625 744 700 784 per
718 735 854 771 terras
874 730 1009 772 omnis
1030 744 1226 772 mensura
1245 730 1408 772 dierum

321 804 654 859 umbrarumque
674 804 823 846 eadem
844 809 920 854 est,
942 804 1065 845 simili
1086 819 1163 846 nec
1180 810 1375 859 tempora
1394 819 1561 846 summa

322 884 544 920 mutantur
564 893 571 920 :
610 878 761 920 modus
782 883 847 920 est
866 878 1007 920 uarius
1027 878 1192 920 ratione
1210 879 1289 920 sub
1309 894 1405 921 una.

139 1053 317 1094 Aquarius
345 1053 462 1085 Pisces
488 1054 539 1085 ita
566 1053 634 1085 sibi
659 1054 853 1086 succedunt
879 1058 921 1085 ut
947 1057 1046 1086 ortus
1072 1064 1142 1085 non
1169 1054 1237 1085 iam
1265 1054 1401 1086 tardius
1432 1053 1492 1085 sed
1520 1054 1676 1091 celerius,

139 1115 281 1136 occasus
307 1115 377 1136 non
405 1105 474 1136 iam
502 1105 647 1136 celerius
675 1106 735 1137 sed
764 1105 900 1137 tardius
927 1104 1014 1136 fiant
1102 1105 1165 1136 295
1192 1108 1252 1137 ubi
1280 1109 1324 1145 M,
1354 1107 1421 1137 tibi
1446 1109 1504 1138 GL.
1554 1105 1597 1137 de
1624 1105 1682 1137 ubi

139 1156 347 1188 constiterint
365 1180 372 1187 .
394 1181 400 1187 .
423 1181 429 1188 .
442 1156 551 1197 facile
563 1163 609 1188 est
623 1157 704 1188 uide
717 1157 876 1198 exempla
889 1157 933 1188 ad
948 1166 959 1188 1
973 1158 1037 1190 469
1050 1156 1170 1188 adlata
1257 1156 1321 1188 296
1333 1159 1400 1189 tibi
1418 1156 1471 1196 (t1)
1485 1156 1677 1195 Bentleius,

139 1210 170 1239 si
197 1207 289 1246 libri,
318 1208 365 1239 sic
397 1207 552 1250 Scaliger
579 1208 632 1240 ed.
665 1210 692 1240 l.
742 1209 862 1250 inepte
887 1209 954 1240 iam
984 1208 1086 1240 facile
1110 1219 1184 1240 esse
1212 1208 1344 1240 dicitur
1370 1219 1511 1240 noscere
1534 1208 1564 1240 si
1586 1208 1680 1250 quod

142 1258 348 1300 horoscopet
374 1263 519 1297 astrum,
548 1259 591 1291 de
619 1271 687 1301 quo
708 1260 805 1291 nullo
829 1263 985 1302 tempore
1009 1260 1153 1292 dubium
1179 1271 1252 1291 esse
1275 1263 1403 1302 potest,
1430 1260 1515 1302 quin
1538 1259 1679 1301 aliquod

140 1316 276 1344 astrum
301 1313 528 1354 horoscopet:
554 1313 642 1345 illud
667 1313 808 1345 difficile
832 1314 975 1355 cognitu
999 1313 1199 1351 uidebatur,
1225 1313 1401 1355 quodnam
1422 1317 1557 1345 astrum
1581 1314 1680 1345 horo-

140 1366 301 1404 scoparet
325 1374 463 1405 quoque
488 1367 646 1406 tempore
736 1364 778 1396 de
806 1365 1008 1405 quandoque
1033 1364 1108 1395 dixi
1135 1364 1179 1395 ad
1207 1373 1236 1395 11
1263 1365 1325 1398 745
1413 1364 1635 1405 horo-scopare
1662 1375 1682 1396 a

141 1415 274 1447 Graeco
292 1417 484 1456 ὼροσκοπεΐν
501 1416 593 1448 sicut
608 1416 652 1448 ab
669 1418 803 1457 ὀψωνεῖν
820 1426 998 1457 opsonare.
1047 1419 1130 1447 ante
1146 1415 1334 1446 Manilium
1355 1426 1398 1446 ne
1419 1415 1513 1457 apud
1529 1415 1681 1447 Graecos

139 1466 282 1508 quidem
300 1467 445 1499 uerbum
461 1471 582 1499 extare
598 1472 696 1509 puto,
717 1478 779 1509 pro
796 1478 864 1509 quo
881 1467 1051 1498 Manetho
1069 1468 1235 1507 ὡρονομεῖν
1248 1466 1336 1498 dicit
1437 1465 1500 1498 297
1517 1468 1621 1505 signa
1632 1470 1678 1506 M,

139 1521 253 1557 signis
269 1522 319 1550 GL
419 1518 483 1549 298
506 1520 638 1558 (lucere,
656 1529 852 1557 numerare,
871 1519 952 1550 uide
971 1519 1031 1550 188
1048 1529 1097 1559 sq.
1117 1518 1311 1550 numerabis
1328 1543 1334 1550 .
1357 1542 1363 1550 .
1385 1543 1392 1550 .
1412 1518 1522 1556 duces,
1546 1520 1607 1550 441
1627 1529 1677 1560 sq.

137 1575 296 1611 poterunt
312 1572 408 1602 cer-tls
428 1571 606 1602 umnerart'
627 1571 762 1611 sinfflzla
782 1570 881 1610 sigma
902 1571 906 1611 Ι
927 1569 1131 1610 temporibus
1217 1569 1383 1610 proprias
1400 1594 1406 1601 .
1428 1594 1435 1601 .
1458 1593 1465 1601 .
1485 1569 1598 1609 horas,
1617 1571 1680 1602 439

136 1622 316 1663 propriis.
338 1647 345 1653 .
367 1647 374 1654 .
395 1622 487 1654 horis
575 1621 638 1653 299
667 1625 792 1660 signo.
815 1647 821 1653 .
845 1647 850 1654 .
870 1625 932 1653 illo
948 1623 979 1659 ἦ,
1011 1624 1124 1659 signis
1141 1646 1148 1653 .
1169 1645 1176 1653 .
1198 1646 1205 1653 .
1225 1623 1299 1652 illis
1325 1620 1418 1660 libri,
1447 1632 1516 1663 quo
1543 1624 1682 1653 retento

139 1673 292 1705 editores
321 1673 608 1705 Bonincontrium
636 1675 747 1705 secuti
776 1684 858 1714 qnos
884 1674 920 1704 in
948 1673 1024 1714 quis
1050 1676 1191 1704 mutant
1221 1683 1325 1704 uersu
1354 1673 1524 1714 proximo.
1584 1676 1622 1705 at
1645 1674 1682 1705 in

139 1724 277 1757 duobus
300 1725 409 1766 signis
433 1725 641 1757 collocatum
665 1725 773 1756 solem
792 1725 887 1756 haud
906 1725 1008 1756 facile
1030 1724 1208 1756 inuenias:
1234 1724 1317 1756 uide
1337 1724 1444 1756 etiam
1466 1724 1577 1756 locum
1600 1725 1682 1756 huic

139 1777 317 1818 geminum
333 1778 393 1808 441
413 1788 462 1818 sq.
483 1787 558 1808 cum
569 1782 730 1817 poterunt
746 1777 844 1808 certis
863 1776 1042 1808 numerari
1059 1776 1195 1816 sinyula
1214 1775 1310 1816 siyna
1334 1775 1338 1816 Ι
1358 1776 1563 1817 temporibus
1578 1781 1682 1817 parte

139 1838 180 1859 ex
195 1827 258 1859 illa
283 1838 387 1869 quam
404 1828 558 1860 Phoebus·
583 1828 726 1866 habebit,
745 1831 926 1869 praeterea
949 1828 1010 1859 221
1036 1838 1087 1869 sq.
1116 1832 1151 1859 ut
1173 1832 1273 1868 parte
1297 1837 1337 1858 ex
1361 1826 1434 1865 illa,
1460 1837 1530 1868 qua
1553 1828 1683 1860 Phoebi

140 1880 285 1921 coeperit
308 1880 408 1918 orbis,
432 1880 435 1920 Ι
457 1879 608 1911 discedat
632 1890 803 1918 numerus,
825 1880 888 1911 493
909 1890 959 1921 sq.
985 1890 1050 1920 quo
1073 1879 1227 1911 Phoebus
1251 1879 1287 1910 in
1310 1883 1403 1911 astro
1422 1880 1426 1917 Ι
1440 1879 1594 1918 sid-serit,
1618 1881 1684 1912 514

141 1931 241 1972 signi,
275 1942 340 1972 quo
370 1932 419 1963 sol
450 1931 606 1972 effulserit
695 1930 759 1962 300
789 1939 858 1968 quo
873 1931 906 1968 ἢ
937 1939 1025 1969 quos
1055 1933 1150 1968 GLM,
1184 1939 1273 1968 quas
1307 1929 1382 1961 cod.
1402 1929 1573 1969 Venetus,
1607 1931 1682 1971 quis

140 1983 414 2014 Bonincontrius
497 1983 668 2023 partibus,
688 1993 837 2023 quaram
859 1982 945 2014 mihi
966 1982 1105 2014 reddita
1128 1992 1262 2014 summa
1277 1986 1334 2020 est,
1353 1981 1390 2013 id
1413 1985 1467 2014 est
1490 1983 1682 2015 secundum

139 2034 266 2073 stadia,
292 2045 441 2076 quorum
466 2039 552 2077 quot
576 2034 827 2066 comitantibus
851 2034 989 2076 singula
1010 2034 1170 2065 oriantur
1193 2034 1292 2075 signa
1314 2034 1419 2075 paulo
1442 2037 1524 2066 ante
1547 2034 1678 2067 docuit.

141 2097 205 2128 pro
221 2097 371 2127 quarum
385 2086 534 2118 ridicule
549 2085 649 2118 codd.
670 2097 757 2118 recc.
775 2090 811 2117 et
828 2085 980 2117 editores
996 2096 1141 2127 quorum
1157 2088 1429 2127 supposuerunt,
1448 2088 1490 2117 ut
1504 2087 1682 2128 signorum

140 2149 178 2169 se
201 2149 372 2170 summam
395 2138 591 2170 reddidisse
614 2141 718 2179 poeta
743 2137 886 2176 diceret,
912 2148 1000 2179 quae
1025 2141 1111 2179 quot
1137 2140 1253 2168 essent
1278 2148 1397 2168 omnes
1419 2140 1548 2169 norant
1571 2149 1684 2180 neque

143 2189 187 2221 ad
218 2190 308 2221 hanc
338 2190 509 2221 rationem
540 2190 727 2231 quicquam
756 2189 968 2231 pertinebat.
1018 2188 1156 2227 deinde,
1186 2199 1228 2220 ne
1254 2188 1415 2229 partibus
1442 2189 1591 2221 relatiuo
1621 2200 1684 2222 suo

142 2241 303 2273 detracto
334 2241 437 2282 plane
467 2241 601 2273 nudum
633 2252 672 2273 ac
709 2241 921 2273 destitutum
952 2244 1054 2279 esset,
1090 2240 1245 2282 Scaliger
1277 2240 1444 2280 proprias
1478 2251 1512 2272 u.
1546 2241 1610 2273 298
1646 2242 1683 2273 in

140 2293 298 2334 propriis
322 2293 475 2325 mutauit
562 2293 624 2324 uix
647 2296 841 2324 memoratu
869 2293 1013 2334 dignum
1037 2295 1091 2324 est
1115 2292 1249 2333 Fayum
1272 2302 1394 2323 uersus
1417 2293 1568 2324 483-509
1592 2293 1684 2325 inter

143 2346 207 2378 300
231 2348 267 2376 et
290 2345 350 2377 301
369 2344 555 2376 collocasse
643 2344 792 2375 301-303
816 2344 881 2376 hoc
904 2343 1012 2376 dicit:
1040 2354 1083 2375 ne
1108 2343 1200 2375 forte
1227 2346 1331 2385 putes
1355 2343 1516 2375 omnibus
1540 2343 1576 2375 in
1599 2344 1684 2377 locis

145 2397 337 2428 maximum
365 2396 458 2428 diem
484 2396 733 2438 minimamque
760 2400 899 2428 noctem
926 2397 1000 2427 eius
1028 2406 1102 2427 esse
1129 2405 1323 2434 mensurae,
1342 2405 1447 2436 quam
1474 2406 1531 2427 uu.
1554 2395 1682 2429 258-61

145 2448 268 2487 statui,
292 2451 355 2479 aut
378 2451 433 2479 tot
456 2447 581 2479 stadiis
605 2448 838 2489 horarumque
860 2447 1033 2489 partibus,
1056 2450 1144 2489 quot
1166 2457 1224 2478 uu.
1247 2447 1354 2479 2825
1377 2447 1512 2486 notaui,
1533 2458 1687 2480 01000010

143 2511 185 2532 ac
201 2500 312 2532 minui
328 2499 505 2541 signorum
525 2500 755 2539 ascensiones,
774 2500 863 2531 scito
886 2499 961 2531 dies
984 2502 1174 2540 noctesque
1198 2499 1345 2530 maiores
1368 2499 1587 2541 minoresque
1609 2499 1686 2532 fieri

144 2563 207 2594 pro
237 2551 465 2583 inclinatione
491 2551 614 2583 mundi
644 2554 751 2593 atque
776 2562 852 2583 eam
883 2551 927 2582 ob
957 2561 1030 2582 rem
1061 2550 1166 2582 etiam
1198 2550 1438 2582 ascensionum
1469 2551 1685 2585 incrementa

145 2605 244 2639 uaria
267 2614 349 2635 esse.
400 2602 536 2637 Gemin.
556 2604 576 2635 6
600 2604 663 2638 7-8
687 2605 722 2635 οὐ
747 2605 828 2635 κατὰ
857 2605 965 2634 πᾶσαν
994 2604 1027 2634 δὲ
1054 2604 1162 2642 χώραν
1187 2604 1240 2634 καὶ
1267 2604 1362 2633 πόλιν
1388 2604 1429 2634 τὰ
1454 2603 1535 2634 αὐτὰ,
1561 2605 1684 2644 μεγέθη

144 2658 207 2687 τῶν
229 2656 351 2696 ἡμερῶν
380 2657 478 2693 ἐστιν,
501 2655 588 2686 ἀλλὰ
611 2656 682 2686 τοῖσ-
704 2656 762 2692 μὲν
786 2656 869 2695 πρὸσ
892 2656 1006 2695 ἄρκτον
1028 2656 1146 2685 οἰκοῦσι
1167 2655 1312 2692 μείζονεο·
1335 2655 1368 2685 αἱ
1390 2654 1504 2695 ἡμέραι
1526 2656 1682 2696 γίνονται,

146 2709 217 2739 τοΐσ
242 2708 274 2738 δὲ
298 2707 382 2746 πρὸσ
406 2706 607 2746 μεσημβρίαν
632 2706 816 2738 ἐλάττονεσ.
868 2706 933 2736 ἔστι
960 2706 993 2736 δὲ
1017 2706 1048 2736 ἐν
1067 2703 1165 2743 Ῥόδῳ
1188 2706 1246 2742 μὲν
1269 2705 1289 2742 ὴ
1311 2705 1450 2743 μεγίστη
1474 2705 1574 2746 ἡμέρα
1598 2707 1685 2747 ὡρῶν

146 2759 333 2798 ἰσημερινῶν
368 2756 460 2794 ιδ’ᾙ,
493 2758 566 2797 περὶ
597 2757 630 2787 δὲ
658 2754 782 2794 Ῥώμην
813 2757 832 2794 ἡ
862 2756 1001 2795 μεγίστη
1031 2755 1132 2795 ’ἡμέρα
1164 2755 1249 2795 ὡρῶν
1281 2756 1468 2796 ἰσημερινῶν
1499 2754 1536 2787 ιε’
1621 2756 1685 2788 302

144 2814 300 2850 tempora
326 2807 579 2846 ascensionum,
606 2811 645 2839 ut
669 2808 744 2846 298,
768 2811 913 2849 propter
939 2807 1025 2838 haec
1049 2807 1142 2838 enim
1169 2805 1373 2848 disputatur
1400 2810 1436 2839 et
1460 2807 1504 2839 de
1530 2808 1580 2839 eis
1607 2811 1688 2850 post

146 2861 343 2903 expositam
370 2859 506 2891 dierum
533 2859 570 2891 in
595 2858 745 2890 diuersis
769 2862 884 2891 terrae
907 2858 1069 2900 partibus
1091 2857 1225 2889 uariam
1249 2868 1447 2890 mensuram
1470 2859 1687 2901 praecipitur

148 2911 307 2944 uersibus
323 2910 475 2943 385-442
562 2908 624 2940 303
644 2909 767 2941 modus
786 2909 993 2941 mutationis
1014 2909 1134 2941 uarius
1150 2911 1214 2948 est,
1232 2909 1394 2950 quamuis
1409 2919 1479 2941 una
1495 2909 1685 2952 eademque
