<?xml version="1.0" encoding="UTF-8"?>
<!DOCTYPE html PUBLIC "-//W3C//DTD XHTML 1.0 Transitional//EN"
    "http://www.w3.org/TR/xhtml1/DTD/xhtml1-transitional.dtd">
<html xmlns="http://www.w3.org/1999/xhtml" xml:lang="en" lang="en">
 <head>
  <title>
</title>
<meta http-equiv="Content-Type" content="text/html;charset=utf-8" />
  <meta name='ocr-system' content='tesseract 3.04.00' />
  <meta name='ocr-capabilities' content='ocr_page ocr_carea ocr_par ocr_line ocrx_word'/>
</head>
<body>
  <div class='ocr_page' id='page_1' title='image "astronomiconrece03maniuoft_0064.png"; bbox 0 0 1877 3146; ppageno 0'>
   <div class='ocr_carea' id='block_1_1' title="bbox 177 139 1120 184">
    <p class='ocr_par' dir='ltr' id='par_1_1' title="bbox 177 139 1120 184">
     <span class='ocr_line' id='line_1_1' title="bbox 177 139 1120 184; baseline -0.003 0"><span class='ocrx_word' id='word_1_1' title='bbox 177 145 232 184; x_wconf 87' lang='lat'>30</span> <span class='ocrx_word' id='word_1_2' title='bbox 774 139 835 182; x_wconf 91' lang='grc' dir='ltr'>Μ.</span> <span class='ocrx_word' id='word_1_3' title='bbox 868 139 1120 182; x_wconf 88' lang='lat' dir='ltr'>MANILII</span> 
     </span>
    </p>
   </div>
   <div class='ocr_carea' id='block_1_2' title="bbox 233 251 1535 753">
    <p class='ocr_par' dir='ltr' id='par_1_2' title="bbox 233 251 1535 753">
     <span class='ocr_line' id='line_1_2' title="bbox 358 251 1535 308; baseline -0.002 -14"><span class='ocrx_word' id='word_1_4' title='bbox 358 253 484 308; x_wconf 89' lang='lat' dir='ltr'>quod,</span> <span class='ocrx_word' id='word_1_5' title='bbox 507 266 770 307; x_wconf 82' lang='lat' dir='ltr'>quamquam</span> <span class='ocrx_word' id='word_1_6' title='bbox 789 267 863 307; x_wconf 78' lang='lat' dir='ltr'>per</span> <span class='ocrx_word' id='word_1_7' title='bbox 882 252 958 293; x_wconf 81' lang='lat' dir='ltr'>tris</span> <span class='ocrx_word' id='word_1_8' title='bbox 978 252 1195 307; x_wconf 84' lang='lat' dir='ltr'>signorum</span> <span class='ocrx_word' id='word_1_9' title='bbox 1215 251 1394 293; x_wconf 80' lang='lat' dir='ltr'>circulus</span> <span class='ocrx_word' id='word_1_10' title='bbox 1413 266 1535 292; x_wconf 83' lang='lat' dir='ltr'>arcus</span> 
     </span>
     <span class='ocr_line' id='line_1_3' title="bbox 358 326 1341 382; baseline -0.001 -14"><span class='ocrx_word' id='word_1_11' title='bbox 358 327 550 382; x_wconf 86' lang='lat' dir='ltr'>obliquos</span> <span class='ocrx_word' id='word_1_12' title='bbox 570 327 719 376; x_wconf 81' lang='lat' dir='ltr'>iaceat,</span> <span class='ocrx_word' id='word_1_13' title='bbox 742 332 858 368; x_wconf 87' lang='lat' dir='ltr'>recto</span> <span class='ocrx_word' id='word_1_14' title='bbox 877 332 1024 368; x_wconf 82' lang='lat' dir='ltr'>tamen</span> <span class='ocrx_word' id='word_1_15' title='bbox 1044 326 1190 368; x_wconf 82' lang='lat' dir='ltr'><strong>ordine</strong></span> <span class='ocrx_word' id='word_1_16' title='bbox 1210 340 1341 367; x_wconf 83' lang='lat' dir='ltr'>zonae</span> 
     </span>
     <span class='ocr_line' id='line_1_4' title="bbox 233 401 1435 456; baseline 0.001 -16"><span class='ocrx_word' id='word_1_17' title='bbox 233 409 302 440; x_wconf 84' lang='lat'>320</span> <span class='ocrx_word' id='word_1_18' title='bbox 358 407 617 456; x_wconf 82' lang='lat' dir='ltr'>consurgunt</span> <span class='ocrx_word' id='word_1_19' title='bbox 636 415 766 456; x_wconf 82' lang='lat' dir='ltr'>supra</span> <span class='ocrx_word' id='word_1_20' title='bbox 785 406 916 456; x_wconf 82' lang='lat' dir='ltr'>caput</span> <span class='ocrx_word' id='word_1_21' title='bbox 936 401 984 442; x_wconf 77' lang='lat' dir='ltr'>iu</span> <span class='ocrx_word' id='word_1_22' title='bbox 1003 406 1222 455; x_wconf 79' lang='lat' dir='ltr'>terrasque</span> <span class='ocrx_word' id='word_1_23' title='bbox 1242 401 1435 442; x_wconf 82' lang='lat' dir='ltr'>feruntur</span> 
     </span>
     <span class='ocr_line' id='line_1_5' title="bbox 359 475 1450 531; baseline -0.001 -14"><span class='ocrx_word' id='word_1_24' title='bbox 359 481 401 517; x_wconf 89' lang='lat' dir='ltr'>et</span> <span class='ocrx_word' id='word_1_25' title='bbox 421 475 594 531; x_wconf 79' lang='lat' dir='ltr'>paribus</span> <span class='ocrx_word' id='word_1_26' title='bbox 613 475 763 530; x_wconf 78' lang='lat' dir='ltr'>spatiis</span> <span class='ocrx_word' id='word_1_27' title='bbox 784 489 858 530; x_wconf 88' lang='lat' dir='ltr'>per</span> <span class='ocrx_word' id='word_1_28' title='bbox 876 475 1040 530; x_wconf 83' lang='lat' dir='ltr'>singula</span> <span class='ocrx_word' id='word_1_29' title='bbox 1061 475 1194 516; x_wconf 77' lang='lat' dir='ltr'>lustra</span> <span class='ocrx_word' id='word_1_30' title='bbox 1214 480 1450 530; x_wconf 82' lang='lat' dir='ltr'>resurgunt,</span> 
     </span>
     <span class='ocr_line' id='line_1_6' title="bbox 359 549 1380 604; baseline -0.001 -13"><span class='ocrx_word' id='word_1_31' title='bbox 359 565 408 591; x_wconf 82' lang='lat' dir='ltr'>ac</span> <span class='ocrx_word' id='word_1_32' title='bbox 427 550 534 591; x_wconf 86' lang='lat' dir='ltr'>bene</span> <span class='ocrx_word' id='word_1_33' title='bbox 553 550 691 591; x_wconf 86' lang='lat' dir='ltr'>diuiso</span> <span class='ocrx_word' id='word_1_34' title='bbox 711 549 895 591; x_wconf 84' lang='lat' dir='ltr'>mundus</span> <span class='ocrx_word' id='word_1_35' title='bbox 916 550 1022 591; x_wconf 83' lang='lat' dir='ltr'>latet</span> <span class='ocrx_word' id='word_1_36' title='bbox 1043 549 1144 591; x_wconf 82' lang='lat' dir='ltr'>orbe</span> <span class='ocrx_word' id='word_1_37' title='bbox 1163 554 1380 604; x_wconf 81' lang='lat' dir='ltr'>patetque.</span> 
     </span>
     <span class='ocr_line' id='line_1_7' title="bbox 360 623 1302 679; baseline -0.001 -14"><span class='ocrx_word' id='word_1_38' title='bbox 360 630 419 674; x_wconf 85' lang='lat' dir='ltr'>at,</span> <span class='ocrx_word' id='word_1_39' title='bbox 441 624 563 665; x_wconf 87' lang='lat' dir='ltr'>simu]</span> <span class='ocrx_word' id='word_1_40' title='bbox 588 639 640 665; x_wconf 76' lang='lat' dir='ltr'>ex</span> <span class='ocrx_word' id='word_1_41' title='bbox 659 624 729 665; x_wconf 85' lang='lat' dir='ltr'>illa</span> <span class='ocrx_word' id='word_1_42' title='bbox 749 630 960 666; x_wconf 81' lang='lat' dir='ltr'>terrarum</span> <span class='ocrx_word' id='word_1_43' title='bbox 979 629 1100 679; x_wconf 80' lang='lat' dir='ltr'>parte</span> <span class='ocrx_word' id='word_1_44' title='bbox 1120 623 1302 673; x_wconf 81' lang='lat' dir='ltr'>recedas,</span> 
     </span>
     <span class='ocr_line' id='line_1_8' title="bbox 361 698 1413 753; baseline 0 -14"><span class='ocrx_word' id='word_1_45' title='bbox 361 698 569 753; x_wconf 78' lang='lat' dir='ltr'>quidquid</span> <span class='ocrx_word' id='word_1_46' title='bbox 589 698 645 740; x_wconf 83' lang='lat' dir='ltr'>ad</span> <span class='ocrx_word' id='word_1_47' title='bbox 665 704 876 740; x_wconf 79' lang='lat' dir='ltr'>extremos</span> <span class='ocrx_word' id='word_1_48' title='bbox 896 703 1031 740; x_wconf 88' lang='lat' dir='ltr'>temet</span> <span class='ocrx_word' id='word_1_49' title='bbox 1051 698 1294 753; x_wconf 81' lang='lat' dir='ltr'>prouexerit</span> <span class='ocrx_word' id='word_1_50' title='bbox 1313 712 1413 739; x_wconf 79' lang='lat' dir='ltr'>axes</span> 
     </span>
    </p>
   </div>
   <div class='ocr_carea' id='block_1_3' title="bbox 181 818 1733 2926">
    <p class='ocr_par' dir='ltr' id='par_1_3' title="bbox 181 818 1733 2567">
     <span class='ocr_line' id='line_1_9' title="bbox 181 818 1722 860; baseline -0.001 -10"><span class='ocrx_word' id='word_1_51' title='bbox 181 829 303 860; x_wconf 71' lang='lat' dir='ltr'>cogere</span> <span class='ocrx_word' id='word_1_52' title='bbox 334 822 480 850; x_wconf 81' lang='lat' dir='ltr'>conatus</span> <span class='ocrx_word' id='word_1_53' title='bbox 511 819 687 860; x_wconf 83' lang='lat' dir='ltr'>duplicem</span> <span class='ocrx_word' id='word_1_54' title='bbox 717 819 862 850; x_wconf 85' lang='lat' dir='ltr'>admisit</span> <span class='ocrx_word' id='word_1_55' title='bbox 889 819 1130 850; x_wconf 75' lang='lat' dir='ltr'>soloecismum</span> <span class='ocrx_word' id='word_1_56' title='bbox 1219 818 1282 850; x_wconf 88' lang='lat'>318</span> <span class='ocrx_word' id='word_1_57' title='bbox 1309 818 1372 850; x_wconf 72' lang='lat' dir='ltr'>tris</span> <span class='ocrx_word' id='word_1_58' title='bbox 1398 829 1510 857; x_wconf 78' lang='lat' dir='ltr'>arcus,</span> <span class='ocrx_word' id='word_1_59' title='bbox 1536 818 1722 855; x_wconf 81' lang='lat' dir='ltr'>aestiuum,</span> 
     </span>
     <span class='ocr_line' id='line_1_10' title="bbox 182 869 1722 912; baseline -0.001 -10"><span class='ocrx_word' id='word_1_60' title='bbox 182 870 485 912; x_wconf 76' lang='lat' dir='ltr'>aequinoctialem,</span> <span class='ocrx_word' id='word_1_61' title='bbox 501 871 704 902; x_wconf 82' lang='lat' dir='ltr'><strong>brumalem.</strong></span> <span class='ocrx_word' id='word_1_62' title='bbox 754 879 768 902; x_wconf 89' lang='lat'>1</span> <span class='ocrx_word' id='word_1_63' title='bbox 784 871 847 904; x_wconf 88' lang='lat'>675</span> <span class='ocrx_word' id='word_1_64' title='bbox 862 881 925 912; x_wconf 80' lang='lat' dir='ltr'>per</span> <span class='ocrx_word' id='word_1_65' title='bbox 941 870 1003 902; x_wconf 72' lang='lat' dir='ltr'>cris</span> <span class='ocrx_word' id='word_1_66' title='bbox 1019 880 1119 911; x_wconf 54' lang='lat' dir='ltr'>,qyros</span> <span class='ocrx_word' id='word_1_67' title='bbox 1135 870 1279 911; x_wconf 75' lang='lat' dir='ltr'>iuflexus</span> <span class='ocrx_word' id='word_1_68' title='bbox 1294 870 1434 902; x_wconf 72' lang='lat' dir='ltr'>ducitur</span> <span class='ocrx_word' id='word_1_69' title='bbox 1445 869 1535 902; x_wconf 75' lang='lat' dir='ltr'>orbis</span> <span class='ocrx_word' id='word_1_70' title='bbox 1549 869 1722 908; x_wconf 46' lang='lat' dir='ltr'>zodiacus</span> 
     </span>
     <span class='ocr_line' id='line_1_11' title="bbox 182 920 1728 963; baseline -0.001 -10"><span class='ocrx_word' id='word_1_71' title='bbox 182 921 298 954; x_wconf 85' lang='lat' dir='ltr'>Germ.</span> <span class='ocrx_word' id='word_1_72' title='bbox 327 922 451 963; x_wconf 87' lang='lat' dir='ltr'>phaen.</span> <span class='ocrx_word' id='word_1_73' title='bbox 475 923 538 954; x_wconf 87' lang='lat'>448</span> <span class='ocrx_word' id='word_1_74' title='bbox 565 922 754 954; x_wconf 73' lang='lat' dir='ltr'>interualla</span> <span class='ocrx_word' id='word_1_75' title='bbox 778 922 884 954; x_wconf 78' lang='lat' dir='ltr'>trium</span> <span class='ocrx_word' id='word_1_76' title='bbox 911 927 1126 954; x_wconf 72' lang='lat' dir='ltr'>transuersus</span> <span class='ocrx_word' id='word_1_77' title='bbox 1151 922 1287 963; x_wconf 72' lang='lat' dir='ltr'>colliyat</span> <span class='ocrx_word' id='word_1_78' title='bbox 1310 932 1397 954; x_wconf 81' lang='lat' dir='ltr'>uuus</span> <span class='ocrx_word' id='word_1_79' title='bbox 1485 921 1547 952; x_wconf 84' lang='lat'>319</span> <span class='ocrx_word' id='word_1_80' title='bbox 1573 920 1728 962; x_wconf 81' lang='lat' dir='ltr'>obliquus</span> 
     </span>
     <span class='ocr_line' id='line_1_12' title="bbox 184 973 1726 1016; baseline -0.001 -11"><span class='ocrx_word' id='word_1_81' title='bbox 184 973 496 1015; x_wconf 59' lang='lat' dir='ltr'>Regffimontanus,</span> <span class='ocrx_word' id='word_1_82' title='bbox 529 974 590 1005; x_wconf 83' lang='lat' dir='ltr'>sed</span> <span class='ocrx_word' id='word_1_83' title='bbox 620 974 771 1015; x_wconf 80' lang='lat' dir='ltr'>obliquos</span> <span class='ocrx_word' id='word_1_84' title='bbox 799 984 864 1016; x_wconf 86' lang='lat' dir='ltr'>pro</span> <span class='ocrx_word' id='word_1_85' title='bbox 895 973 1017 1006; x_wconf 89' lang='lat' dir='ltr'>eodem</span> <span class='ocrx_word' id='word_1_86' title='bbox 1049 974 1159 1016; x_wconf 85' lang='lat' dir='ltr'>accipi</span> <span class='ocrx_word' id='word_1_87' title='bbox 1189 984 1290 1015; x_wconf 83' lang='lat' dir='ltr'>posse</span> <span class='ocrx_word' id='word_1_88' title='bbox 1321 973 1414 1005; x_wconf 89' lang='lat' dir='ltr'>uidit</span> <span class='ocrx_word' id='word_1_89' title='bbox 1444 973 1604 1012; x_wconf 83' lang='lat' dir='ltr'>Iacobus,</span> <span class='ocrx_word' id='word_1_90' title='bbox 1634 973 1726 1004; x_wconf 84' lang='lat' dir='ltr'>sicut</span> 
     </span>
     <span class='ocr_line' id='line_1_13' title="bbox 183 1024 1726 1060; baseline 0 -4"><span class='ocrx_word' id='word_1_91' title='bbox 183 1025 347 1057; x_wconf 78' lang='lat' dir='ltr'>aestiuom</span> <span class='ocrx_word' id='word_1_92' title='bbox 380 1035 393 1057; x_wconf 95' lang='lat'>1</span> <span class='ocrx_word' id='word_1_93' title='bbox 428 1027 489 1060; x_wconf 88' lang='grc'>571</span> <span class='ocrx_word' id='word_1_94' title='bbox 522 1029 556 1057; x_wconf 90' lang='grc' dir='ltr'><strong>Μ</strong></span> <span class='ocrx_word' id='word_1_95' title='bbox 587 1027 754 1058; x_wconf 86' lang='lat' dir='ltr'>seruauit.</span> <span class='ocrx_word' id='word_1_96' title='bbox 804 1036 884 1057; x_wconf 81' lang='lat' dir='ltr'>nam</span> <span class='ocrx_word' id='word_1_97' title='bbox 923 1026 987 1057; x_wconf 91' lang='lat' dir='ltr'>hoc</span> <span class='ocrx_word' id='word_1_98' title='bbox 1025 1029 1120 1057; x_wconf 88' lang='lat' dir='ltr'>certe</span> <span class='ocrx_word' id='word_1_99' title='bbox 1159 1025 1233 1058; x_wconf 91' lang='lat' dir='ltr'>loco</span> <span class='ocrx_word' id='word_1_100' title='bbox 1271 1036 1341 1057; x_wconf 87' lang='lat' dir='ltr'>non</span> <span class='ocrx_word' id='word_1_101' title='bbox 1378 1025 1465 1057; x_wconf 88' lang='lat' dir='ltr'>bene</span> <span class='ocrx_word' id='word_1_102' title='bbox 1503 1024 1726 1057; x_wconf 71' lang='lat' dir='ltr'>accusatiuus</span> 
     </span>
     <span class='ocr_line' id='line_1_14' title="bbox 182 1075 1726 1119; baseline 0 -11"><span class='ocrx_word' id='word_1_103' title='bbox 182 1080 372 1118; x_wconf 81' lang='lat' dir='ltr'>poneretur</span> <span class='ocrx_word' id='word_1_104' title='bbox 388 1088 429 1109; x_wconf 87' lang='lat' dir='ltr'>ea</span> <span class='ocrx_word' id='word_1_105' title='bbox 450 1078 586 1109; x_wconf 86' lang='lat' dir='ltr'>ratione</span> <span class='ocrx_word' id='word_1_106' title='bbox 602 1088 671 1119; x_wconf 83' lang='lat' dir='ltr'>qua</span> <span class='ocrx_word' id='word_1_107' title='bbox 688 1078 824 1110; x_wconf 81' lang='lat' dir='ltr'>Statius</span> <span class='ocrx_word' id='word_1_108' title='bbox 842 1078 920 1109; x_wconf 84' lang='lat' dir='ltr'>silu.</span> <span class='ocrx_word' id='word_1_109' title='bbox 943 1087 955 1109; x_wconf 93' lang='lat'>1</span> <span class='ocrx_word' id='word_1_110' title='bbox 973 1078 992 1110; x_wconf 89' lang='lat'><strong>3</strong></span> <span class='ocrx_word' id='word_1_111' title='bbox 1009 1079 1050 1110; x_wconf 89' lang='grc'>66</span> <span class='ocrx_word' id='word_1_112' title='bbox 1062 1087 1128 1118; x_wconf 78' lang='lat' dir='ltr'>per</span> <span class='ocrx_word' id='word_1_113' title='bbox 1149 1077 1321 1118; x_wconf 79' lang='lat' dir='ltr'>obliquum</span> <span class='ocrx_word' id='word_1_114' title='bbox 1339 1077 1477 1118; x_wconf 76' lang='lat' dir='ltr'>penitus</span> <span class='ocrx_word' id='word_1_115' title='bbox 1499 1087 1585 1118; x_wconf 80' lang='lat' dir='ltr'>quae</span> <span class='ocrx_word' id='word_1_116' title='bbox 1601 1075 1726 1108; x_wconf 75' lang='lat' dir='ltr'>laberis</span> 
     </span>
     <span class='ocr_line' id='line_1_15' title="bbox 184 1128 1728 1171; baseline 0 -11"><span class='ocrx_word' id='word_1_117' title='bbox 184 1139 330 1168; x_wconf 77' lang='lat' dir='ltr'>amnem,</span> <span class='ocrx_word' id='word_1_118' title='bbox 355 1129 518 1161; x_wconf 80' lang='lat' dir='ltr'>Lucanus</span> <span class='ocrx_word' id='word_1_119' title='bbox 542 1138 581 1161; x_wconf 88' lang='lat' dir='ltr'>1x</span> <span class='ocrx_word' id='word_1_120' title='bbox 605 1130 670 1161; x_wconf 86' lang='lat'>694</span> <span class='ocrx_word' id='word_1_121' title='bbox 693 1140 742 1171; x_wconf 83' lang='lat' dir='ltr'>sq.</span> <span class='ocrx_word' id='word_1_122' title='bbox 772 1140 836 1170; x_wconf 76' lang='lat' dir='ltr'>per</span> <span class='ocrx_word' id='word_1_123' title='bbox 863 1134 956 1161; x_wconf 71' lang='lat' dir='ltr'>recta</span> <span class='ocrx_word' id='word_1_124' title='bbox 986 1128 1136 1161; x_wconf 74' lang='lat' dir='ltr'>cucurrit</span> <span class='ocrx_word' id='word_1_125' title='bbox 1157 1129 1161 1168; x_wconf 90' lang='grc' dir='ltr'>Ι</span> <span class='ocrx_word' id='word_1_126' title='bbox 1182 1129 1292 1170; x_wconf 66' lang='lat' dir='ltr'>siqua,</span> <span class='ocrx_word' id='word_1_127' title='bbox 1320 1129 1488 1160; x_wconf 78' lang='lat' dir='ltr'><strong>Manilius</strong></span> <span class='ocrx_word' id='word_1_128' title='bbox 1514 1129 1588 1170; x_wconf 83' lang='lat' dir='ltr'>ipse</span> <span class='ocrx_word' id='word_1_129' title='bbox 1618 1136 1632 1160; x_wconf 96' lang='lat'>1</span> <span class='ocrx_word' id='word_1_130' title='bbox 1662 1128 1728 1160; x_wconf 89' lang='grc'>606</span> 
     </span>
     <span class='ocr_line' id='line_1_16' title="bbox 184 1180 1722 1222; baseline 0 -11"><span class='ocrx_word' id='word_1_131' title='bbox 184 1185 443 1222; x_wconf 67' lang='lat' dir='ltr'>trunsum-seque</span> <span class='ocrx_word' id='word_1_132' title='bbox 462 1181 541 1222; x_wconf 76' lang='lat' dir='ltr'>polo</span> <span class='ocrx_word' id='word_1_133' title='bbox 558 1185 686 1213; x_wconf 69' lang='lat' dir='ltr'>rectum</span> <span class='ocrx_word' id='word_1_134' title='bbox 702 1181 876 1213; x_wconf 73' lang='lat' dir='ltr'>ducuntur</span> <span class='ocrx_word' id='word_1_135' title='bbox 899 1180 935 1212; x_wconf 78' lang='lat' dir='ltr'>iu</span> <span class='ocrx_word' id='word_1_136' title='bbox 959 1190 1059 1212; x_wconf 79' lang='lat' dir='ltr'>axem</span> <span class='ocrx_word' id='word_1_137' title='bbox 1082 1180 1175 1212; x_wconf 83' lang='lat' dir='ltr'>dixit</span> <span class='ocrx_word' id='word_1_138' title='bbox 1263 1191 1377 1219; x_wconf 78' lang='lat' dir='ltr'>zonae,</span> <span class='ocrx_word' id='word_1_139' title='bbox 1396 1180 1530 1219; x_wconf 89' lang='lat' dir='ltr'>circuli,</span> <span class='ocrx_word' id='word_1_140' title='bbox 1550 1183 1591 1212; x_wconf 88' lang='lat' dir='ltr'>ut</span> <span class='ocrx_word' id='word_1_141' title='bbox 1614 1188 1624 1211; x_wconf 94' lang='lat'>1</span> <span class='ocrx_word' id='word_1_142' title='bbox 1647 1180 1722 1217; x_wconf 88' lang='lat'>555,</span> 
     </span>
     <span class='ocr_line' id='line_1_17' title="bbox 184 1231 1727 1274; baseline -0.001 -10"><span class='ocrx_word' id='word_1_143' title='bbox 184 1233 260 1271; x_wconf 75' lang='lat'>689,</span> <span class='ocrx_word' id='word_1_144' title='bbox 279 1241 325 1264; x_wconf 80' lang='lat'>111</span> <span class='ocrx_word' id='word_1_145' title='bbox 341 1233 416 1271; x_wconf 83' lang='lat'>625,</span> <span class='ocrx_word' id='word_1_146' title='bbox 435 1243 504 1274; x_wconf 92' lang='lat' dir='ltr'>quo</span> <span class='ocrx_word' id='word_1_147' title='bbox 524 1244 628 1264; x_wconf 86' lang='lat' dir='ltr'>uersu</span> <span class='ocrx_word' id='word_1_148' title='bbox 649 1233 779 1264; x_wconf 80' lang='lat' dir='ltr'>iterum</span> <span class='ocrx_word' id='word_1_149' title='bbox 801 1233 930 1274; x_wconf 84' lang='lat' dir='ltr'>positio</span> <span class='ocrx_word' id='word_1_150' title='bbox 952 1232 1159 1274; x_wconf 83' lang='lat' dir='ltr'>neglegitur,</span> <span class='ocrx_word' id='word_1_151' title='bbox 1177 1231 1330 1273; x_wconf 68' lang='lat' dir='ltr'>sastigyia</span> <span class='ocrx_word' id='word_1_152' title='bbox 1350 1243 1451 1264; x_wconf 79' lang='lat' dir='ltr'>zonae</span> <span class='ocrx_word' id='word_1_153' title='bbox 1539 1231 1604 1263; x_wconf 83' lang='grc'>320</span> <span class='ocrx_word' id='word_1_154' title='bbox 1618 1235 1727 1269; x_wconf 79' lang='lat' dir='ltr'>eaput</span> 
     </span>
     <span class='ocr_line' id='line_1_18' title="bbox 183 1282 1722 1325; baseline -0.001 -9"><span class='ocrx_word' id='word_1_155' title='bbox 183 1286 222 1315; x_wconf 85' lang='lat' dir='ltr'>in</span> <span class='ocrx_word' id='word_1_156' title='bbox 237 1285 270 1323; x_wconf 50' lang='grc' dir='ltr'>θ’τ,</span> <span class='ocrx_word' id='word_1_157' title='bbox 290 1293 358 1322; x_wconf 85' lang='lat' dir='ltr'>que</span> <span class='ocrx_word' id='word_1_158' title='bbox 381 1288 489 1323; x_wconf 80' lang='lat' dir='ltr'>caput</span> <span class='ocrx_word' id='word_1_159' title='bbox 511 1284 614 1316; x_wconf 83' lang='lat' dir='ltr'>libri:</span> <span class='ocrx_word' id='word_1_160' title='bbox 639 1284 817 1316; x_wconf 85' lang='lat' dir='ltr'>simillimo</span> <span class='ocrx_word' id='word_1_161' title='bbox 834 1294 950 1316; x_wconf 85' lang='lat' dir='ltr'>errore</span> <span class='ocrx_word' id='word_1_162' title='bbox 971 1284 1008 1315; x_wconf 90' lang='lat' dir='ltr'>in</span> <span class='ocrx_word' id='word_1_163' title='bbox 1029 1284 1132 1316; x_wconf 88' lang='lat' dir='ltr'>Ouid.</span> <span class='ocrx_word' id='word_1_164' title='bbox 1149 1284 1220 1315; x_wconf 86' lang='lat' dir='ltr'>her.</span> <span class='ocrx_word' id='word_1_165' title='bbox 1238 1292 1289 1315; x_wconf 83' lang='lat' dir='ltr'>xx</span> <span class='ocrx_word' id='word_1_166' title='bbox 1312 1284 1372 1318; x_wconf 77' lang='lat'>127</span> <span class='ocrx_word' id='word_1_167' title='bbox 1393 1283 1429 1315; x_wconf 83' lang='lat' dir='ltr'>z&#39;u</span> <span class='ocrx_word' id='word_1_168' title='bbox 1449 1287 1551 1324; x_wconf 76' lang='lat' dir='ltr'>caput</span> <span class='ocrx_word' id='word_1_169' title='bbox 1567 1282 1625 1325; x_wconf 77' lang='lat' dir='ltr'>&lt;ut</span> <span class='ocrx_word' id='word_1_170' title='bbox 1642 1282 1722 1314; x_wconf 84' lang='lat' dir='ltr'>add.</span> 
     </span>
     <span class='ocr_line' id='line_1_19' title="bbox 184 1335 1728 1377; baseline 0 -11"><span class='ocrx_word' id='word_1_171' title='bbox 184 1335 398 1377; x_wconf 79' lang='lat' dir='ltr'>Ehwaldus)</span> <span class='ocrx_word' id='word_1_172' title='bbox 413 1341 565 1368; x_wconf 76' lang='lat' dir='ltr'>nostrum</span> <span class='ocrx_word' id='word_1_173' title='bbox 582 1336 739 1368; x_wconf 81' lang='lat' dir='ltr'>dominae</span> <span class='ocrx_word' id='word_1_174' title='bbox 755 1336 911 1377; x_wconf 81' lang='lat' dir='ltr'>periuria</span> <span class='ocrx_word' id='word_1_175' title='bbox 928 1346 1050 1376; x_wconf 78' lang='lat' dir='ltr'>quaeso</span> <span class='ocrx_word' id='word_1_176' title='bbox 1072 1337 1076 1375; x_wconf 84' lang='grc' dir='ltr'>Ι</span> <span class='ocrx_word' id='word_1_177' title='bbox 1097 1335 1254 1367; x_wconf 71' lang='lat' dir='ltr'>eueniant</span> <span class='ocrx_word' id='word_1_178' title='bbox 1266 1336 1417 1377; x_wconf 87' lang='lat' dir='ltr'>primum</span> <span class='ocrx_word' id='word_1_179' title='bbox 1436 1335 1509 1366; x_wconf 86' lang='lat' dir='ltr'>cod.</span> <span class='ocrx_word' id='word_1_180' title='bbox 1527 1335 1728 1366; x_wconf 75' lang='lat' dir='ltr'>Puteaneus</span> 
     </span>
     <span class='ocr_line' id='line_1_20' title="bbox 186 1386 1728 1429; baseline -0.001 -11"><span class='ocrx_word' id='word_1_181' title='bbox 186 1386 222 1418; x_wconf 84' lang='lat' dir='ltr'>iu</span> <span class='ocrx_word' id='word_1_182' title='bbox 245 1392 348 1428; x_wconf 59' lang='lat' dir='ltr'>capua</span> <span class='ocrx_word' id='word_1_183' title='bbox 370 1393 535 1426; x_wconf 78' lang='lat' dir='ltr'>nostrum,</span> <span class='ocrx_word' id='word_1_184' title='bbox 556 1388 683 1419; x_wconf 86' lang='lat' dir='ltr'>deinde</span> <span class='ocrx_word' id='word_1_185' title='bbox 705 1387 864 1429; x_wconf 83' lang='lat' dir='ltr'>plerique</span> <span class='ocrx_word' id='word_1_186' title='bbox 887 1388 987 1428; x_wconf 80' lang='lat' dir='ltr'>inque</span> <span class='ocrx_word' id='word_1_187' title='bbox 1012 1392 1113 1427; x_wconf 71' lang='lat' dir='ltr'>caput</span> <span class='ocrx_word' id='word_1_188' title='bbox 1138 1392 1291 1418; x_wconf 75' lang='lat' dir='ltr'>nostrum</span> <span class='ocrx_word' id='word_1_189' title='bbox 1312 1387 1493 1425; x_wconf 76' lang='lat' dir='ltr'>fecerunt;</span> <span class='ocrx_word' id='word_1_190' title='bbox 1517 1387 1638 1428; x_wconf 79' lang='lat' dir='ltr'>itaque</span> <span class='ocrx_word' id='word_1_191' title='bbox 1660 1396 1728 1417; x_wconf 91' lang='lat' dir='ltr'>non</span> 
     </span>
     <span class='ocr_line' id='line_1_21' title="bbox 184 1438 1728 1480; baseline -0.001 -10"><span class='ocrx_word' id='word_1_192' title='bbox 184 1439 412 1480; x_wconf 77' lang='lat' dir='ltr'>praetulerim</span> <span class='ocrx_word' id='word_1_193' title='bbox 446 1444 715 1480; x_wconf 62' lang='lat' dir='ltr'>consurguntque</span> <span class='ocrx_word' id='word_1_194' title='bbox 750 1450 869 1479; x_wconf 73' lang='lat' dir='ltr'>supra.</span> <span class='ocrx_word' id='word_1_195' title='bbox 922 1441 930 1456; x_wconf 93' lang='lat'>‘</span> <span class='ocrx_word' id='word_1_196' title='bbox 945 1449 1028 1470; x_wconf 84' lang='lat' dir='ltr'>sane</span> <span class='ocrx_word' id='word_1_197' title='bbox 1059 1438 1146 1470; x_wconf 88' lang='lat' dir='ltr'>bene</span> <span class='ocrx_word' id='word_1_198' title='bbox 1181 1438 1287 1480; x_wconf 92' lang='lat' dir='ltr'>quod,</span> <span class='ocrx_word' id='word_1_199' title='bbox 1321 1449 1400 1470; x_wconf 89' lang='lat' dir='ltr'>cum</span> <span class='ocrx_word' id='word_1_200' title='bbox 1437 1438 1585 1470; x_wconf 83' lang='lat' dir='ltr'>dixisset</span> <span class='ocrx_word' id='word_1_201' title='bbox 1619 1448 1728 1478; x_wconf 76' lang='lat' dir='ltr'>supra</span> 
     </span>
     <span class='ocr_line' id='line_1_22' title="bbox 185 1489 1728 1532; baseline 0 -11"><span class='ocrx_word' id='word_1_202' title='bbox 185 1495 287 1531; x_wconf 72' lang='lat' dir='ltr'>caput</span> <span class='ocrx_word' id='word_1_203' title='bbox 311 1494 482 1530; x_wconf 86' lang='lat' dir='ltr'>nostrum,</span> <span class='ocrx_word' id='word_1_204' title='bbox 501 1490 642 1523; x_wconf 84' lang='lat' dir='ltr'>addidit</span> <span class='ocrx_word' id='word_1_205' title='bbox 665 1495 850 1532; x_wconf 73' lang='lat' dir='ltr'>terrasque,</span> <span class='ocrx_word' id='word_1_206' title='bbox 870 1501 913 1522; x_wconf 89' lang='lat' dir='ltr'>ne</span> <span class='ocrx_word' id='word_1_207' title='bbox 937 1501 999 1522; x_wconf 88' lang='lat' dir='ltr'>nos</span> <span class='ocrx_word' id='word_1_208' title='bbox 1022 1490 1115 1522; x_wconf 83' lang='lat' dir='ltr'>forte</span> <span class='ocrx_word' id='word_1_209' title='bbox 1139 1491 1174 1522; x_wconf 90' lang='lat' dir='ltr'>in</span> <span class='ocrx_word' id='word_1_210' title='bbox 1198 1490 1281 1522; x_wconf 80' lang='lat' dir='ltr'>luna</span> <span class='ocrx_word' id='word_1_211' title='bbox 1304 1489 1465 1522; x_wconf 80' lang='lat' dir='ltr'>habitare</span> <span class='ocrx_word' id='word_1_212' title='bbox 1488 1489 1728 1521; x_wconf 83' lang='lat' dir='ltr'>crederemur’</span> 
     </span>
     <span class='ocr_line' id='line_1_23' title="bbox 186 1541 1728 1584; baseline 0 -12"><span class='ocrx_word' id='word_1_213' title='bbox 186 1541 378 1574; x_wconf 86' lang='lat' dir='ltr'>Bentleius.</span> <span class='ocrx_word' id='word_1_214' title='bbox 427 1546 521 1575; x_wconf 87' lang='lat' dir='ltr'>certe</span> <span class='ocrx_word' id='word_1_215' title='bbox 559 1546 622 1574; x_wconf 85' lang='lat' dir='ltr'>aut</span> <span class='ocrx_word' id='word_1_216' title='bbox 659 1542 842 1574; x_wconf 84' lang='lat' dir='ltr'>occidendi</span> <span class='ocrx_word' id='word_1_217' title='bbox 879 1547 942 1574; x_wconf 81' lang='lat' dir='ltr'>aut</span> <span class='ocrx_word' id='word_1_218' title='bbox 979 1542 1073 1574; x_wconf 81' lang='lat' dir='ltr'>infra</span> <span class='ocrx_word' id='word_1_219' title='bbox 1110 1545 1221 1573; x_wconf 81' lang='lat' dir='ltr'>terras</span> <span class='ocrx_word' id='word_1_220' title='bbox 1259 1541 1399 1573; x_wconf 85' lang='lat' dir='ltr'>meandi</span> <span class='ocrx_word' id='word_1_221' title='bbox 1435 1541 1728 1584; x_wconf 80' lang='lat' dir='ltr'>significationem</span> 
     </span>
     <span class='ocr_line' id='line_1_24' title="bbox 186 1595 1729 1638; baseline -0.001 -10"><span class='ocrx_word' id='word_1_222' title='bbox 186 1596 334 1637; x_wconf 83' lang='lat' dir='ltr'>requirit</span> <span class='ocrx_word' id='word_1_223' title='bbox 357 1607 461 1628; x_wconf 88' lang='lat' dir='ltr'>uersu</span> <span class='ocrx_word' id='word_1_224' title='bbox 488 1596 685 1638; x_wconf 78' lang='lat' dir='ltr'>insequenti</span> <span class='ocrx_word' id='word_1_225' title='bbox 714 1597 867 1638; x_wconf 82' lang='lat' dir='ltr'>positum</span> <span class='ocrx_word' id='word_1_226' title='bbox 895 1601 1075 1637; x_wconf 64' lang='lat' dir='ltr'>resumunt</span> <span class='ocrx_word' id='word_1_227' title='bbox 1164 1595 1225 1626; x_wconf 82' lang='lat'>321</span> <span class='ocrx_word' id='word_1_228' title='bbox 1250 1596 1371 1635; x_wconf 76' lang='lat' dir='ltr'>lustra,</span> <span class='ocrx_word' id='word_1_229' title='bbox 1396 1595 1576 1634; x_wconf 76' lang='lat' dir='ltr'>circuitus,</span> <span class='ocrx_word' id='word_1_230' title='bbox 1599 1598 1641 1626; x_wconf 85' lang='lat' dir='ltr'>ut</span> <span class='ocrx_word' id='word_1_231' title='bbox 1663 1595 1729 1627; x_wconf 89' lang='lat'>580</span> 
     </span>
     <span class='ocr_line' id='line_1_25' title="bbox 185 1646 1729 1690; baseline -0.001 -10"><span class='ocrx_word' id='word_1_232' title='bbox 185 1648 295 1679; x_wconf 67' lang='lat' dir='ltr'>lustra</span> <span class='ocrx_word' id='word_1_233' title='bbox 326 1648 404 1680; x_wconf 80' lang='lat' dir='ltr'>solis</span> <span class='ocrx_word' id='word_1_234' title='bbox 438 1659 502 1690; x_wconf 89' lang='lat' dir='ltr'>pro</span> <span class='ocrx_word' id='word_1_235' title='bbox 535 1649 657 1686; x_wconf 81' lang='lat' dir='ltr'>annis3</span> <span class='ocrx_word' id='word_1_236' title='bbox 696 1648 844 1680; x_wconf 79' lang='lat' dir='ltr'>lustrare</span> <span class='ocrx_word' id='word_1_237' title='bbox 882 1647 1086 1679; x_wconf 84' lang='lat' dir='ltr'>circueundi</span> <span class='ocrx_word' id='word_1_238' title='bbox 1123 1658 1227 1679; x_wconf 87' lang='lat' dir='ltr'>sensu</span> <span class='ocrx_word' id='word_1_239' title='bbox 1262 1647 1380 1689; x_wconf 80' lang='lat' dir='ltr'>plures</span> <span class='ocrx_word' id='word_1_240' title='bbox 1417 1647 1596 1686; x_wconf 87' lang='lat' dir='ltr'>dixerunt,</span> <span class='ocrx_word' id='word_1_241' title='bbox 1629 1646 1729 1678; x_wconf 87' lang='lat' dir='ltr'>uelut</span> 
     </span>
     <span class='ocr_line' id='line_1_26' title="bbox 186 1699 1727 1741; baseline -0.001 -9"><span class='ocrx_word' id='word_1_242' title='bbox 186 1699 307 1732; x_wconf 87' lang='lat' dir='ltr'>Cicero</span> <span class='ocrx_word' id='word_1_243' title='bbox 333 1700 406 1732; x_wconf 86' lang='lat' dir='ltr'>n.d.</span> <span class='ocrx_word' id='word_1_244' title='bbox 427 1709 457 1731; x_wconf 92' lang='lat'>11</span> <span class='ocrx_word' id='word_1_245' title='bbox 484 1701 526 1732; x_wconf 86' lang='lat'>53</span> <span class='ocrx_word' id='word_1_246' title='bbox 553 1710 640 1741; x_wconf 77' lang='lat' dir='ltr'>quac</span> <span class='ocrx_word' id='word_1_247' title='bbox 669 1700 800 1739; x_wconf 85' lang='lat' dir='ltr'>(stella)</span> <span class='ocrx_word' id='word_1_248' title='bbox 828 1710 920 1732; x_wconf 73' lang='lat' dir='ltr'>anuo</span> <span class='ocrx_word' id='word_1_249' title='bbox 969 1710 1021 1731; x_wconf 79' lang='lat' dir='ltr'>ere</span> <span class='ocrx_word' id='word_1_250' title='bbox 1052 1704 1198 1731; x_wconf 74' lang='lat' dir='ltr'>uertente</span> <span class='ocrx_word' id='word_1_251' title='bbox 1224 1699 1427 1740; x_wconf 61' lang='lat' dir='ltr'>siyuzjfcrum</span> <span class='ocrx_word' id='word_1_252' title='bbox 1453 1699 1577 1731; x_wconf 71' lang='lat' dir='ltr'>lustrat</span> <span class='ocrx_word' id='word_1_253' title='bbox 1603 1699 1727 1736; x_wconf 79' lang='lat' dir='ltr'>orbem,</span> 
     </span>
     <span class='ocr_line' id='line_1_27' title="bbox 187 1750 1731 1793; baseline -0.001 -10"><span class='ocrx_word' id='word_1_254' title='bbox 187 1754 293 1793; x_wconf 81' lang='lat' dir='ltr'>atque</span> <span class='ocrx_word' id='word_1_255' title='bbox 316 1751 368 1783; x_wconf 84' lang='lat' dir='ltr'>ita</span> <span class='ocrx_word' id='word_1_256' title='bbox 392 1752 561 1783; x_wconf 82' lang='lat' dir='ltr'>Manilius</span> <span class='ocrx_word' id='word_1_257' title='bbox 585 1751 689 1783; x_wconf 88' lang='lat' dir='ltr'>huius</span> <span class='ocrx_word' id='word_1_258' title='bbox 714 1751 795 1783; x_wconf 88' lang='lat' dir='ltr'>libri</span> <span class='ocrx_word' id='word_1_259' title='bbox 818 1751 978 1783; x_wconf 82' lang='lat' dir='ltr'>uersibus</span> <span class='ocrx_word' id='word_1_260' title='bbox 1002 1751 1077 1789; x_wconf 79' lang='lat'>213,</span> <span class='ocrx_word' id='word_1_261' title='bbox 1096 1752 1171 1790; x_wconf 87' lang='lat'>314,</span> <span class='ocrx_word' id='word_1_262' title='bbox 1190 1752 1254 1783; x_wconf 91' lang='lat'>515</span> <span class='ocrx_word' id='word_1_263' title='bbox 1342 1751 1405 1782; x_wconf 85' lang='lat'>322</span> <span class='ocrx_word' id='word_1_264' title='bbox 1427 1750 1519 1783; x_wconf 90' lang='lat' dir='ltr'>Ptol.</span> <span class='ocrx_word' id='word_1_265' title='bbox 1541 1753 1635 1792; x_wconf 83' lang='lat' dir='ltr'>synt.</span> <span class='ocrx_word' id='word_1_266' title='bbox 1656 1759 1685 1781; x_wconf 93' lang='lat'>11</span> <span class='ocrx_word' id='word_1_267' title='bbox 1710 1751 1731 1782; x_wconf 87' lang='lat'><strong>6</strong></span> 
     </span>
     <span class='ocr_line' id='line_1_28' title="bbox 186 1803 1728 1845; baseline -0.001 -11"><span class='ocrx_word' id='word_1_268' title='bbox 186 1803 291 1835; x_wconf 85' lang='lat' dir='ltr'>Heib.</span> <span class='ocrx_word' id='word_1_269' title='bbox 311 1814 344 1845; x_wconf 93' lang='lat' dir='ltr'>p.</span> <span class='ocrx_word' id='word_1_270' title='bbox 368 1805 426 1836; x_wconf 93' lang='lat' dir='ltr'>lOl</span> <span class='ocrx_word' id='word_1_271' title='bbox 457 1804 561 1836; x_wconf 85' lang='lat'>16-23</span> <span class='ocrx_word' id='word_1_272' title='bbox 584 1805 686 1841; x_wconf 83' lang='grc' dir='ltr'>μόνοσ</span> <span class='ocrx_word' id='word_1_273' title='bbox 710 1804 743 1834; x_wconf 81' lang='grc' dir='ltr'>δὲ</span> <span class='ocrx_word' id='word_1_274' title='bbox 769 1803 798 1841; x_wconf 90' lang='grc' dir='ltr'>(ὁ</span> <span class='ocrx_word' id='word_1_275' title='bbox 823 1803 876 1834; x_wconf 80' lang='grc' dir='ltr'>ὑπ’</span> <span class='ocrx_word' id='word_1_276' title='bbox 903 1804 998 1834; x_wconf 79' lang='grc' dir='ltr'>αὐτὸν</span> <span class='ocrx_word' id='word_1_277' title='bbox 1024 1804 1080 1834; x_wconf 84' lang='grc' dir='ltr'>τὸν</span> <span class='ocrx_word' id='word_1_278' title='bbox 1107 1804 1285 1843; x_wconf 83' lang='grc' dir='ltr'>ἰσημερινὸν</span> <span class='ocrx_word' id='word_1_279' title='bbox 1312 1804 1541 1843; x_wconf 80' lang='grc' dir='ltr'>παράλληλοσ)</span> <span class='ocrx_word' id='word_1_280' title='bbox 1569 1804 1638 1842; x_wconf 77' lang='grc' dir='ltr'>ἔχει</span> <span class='ocrx_word' id='word_1_281' title='bbox 1665 1804 1728 1833; x_wconf 85' lang='grc' dir='ltr'>τὰσ</span> 
     </span>
     <span class='ocr_line' id='line_1_29' title="bbox 187 1853 1728 1896; baseline -0.002 -9"><span class='ocrx_word' id='word_1_282' title='bbox 187 1855 311 1896; x_wconf 79' lang='grc' dir='ltr'>ἡμέρασ</span> <span class='ocrx_word' id='word_1_283' title='bbox 327 1857 379 1887; x_wconf 79' lang='grc' dir='ltr'>καὶ</span> <span class='ocrx_word' id='word_1_284' title='bbox 394 1857 458 1887; x_wconf 89' lang='grc' dir='ltr'>τὰσ</span> <span class='ocrx_word' id='word_1_285' title='bbox 475 1858 595 1887; x_wconf 83' lang='grc' dir='ltr'>νύκτασ</span> <span class='ocrx_word' id='word_1_286' title='bbox 615 1856 729 1886; x_wconf 86' lang='grc' dir='ltr'>πάσασ</span> <span class='ocrx_word' id='word_1_287' title='bbox 749 1857 826 1886; x_wconf 78' lang='grc' dir='ltr'>ἴσασ</span> <span class='ocrx_word' id='word_1_288' title='bbox 846 1857 1020 1893; x_wconf 82' lang='grc' dir='ltr'>ἀλλήλαισ,</span> <span class='ocrx_word' id='word_1_289' title='bbox 1039 1856 1169 1885; x_wconf 86' lang='grc' dir='ltr'>πάντων</span> <span class='ocrx_word' id='word_1_290' title='bbox 1187 1857 1251 1886; x_wconf 82' lang='grc' dir='ltr'>τῶν</span> <span class='ocrx_word' id='word_1_291' title='bbox 1267 1858 1300 1886; x_wconf 80' lang='grc' dir='ltr'>ἐν</span> <span class='ocrx_word' id='word_1_292' title='bbox 1316 1853 1356 1894; x_wconf 83' lang='grc' dir='ltr'>τῇ</span> <span class='ocrx_word' id='word_1_293' title='bbox 1372 1856 1493 1895; x_wconf 84' lang='grc' dir='ltr'>σφαίρᾳ</span> <span class='ocrx_word' id='word_1_294' title='bbox 1510 1855 1728 1894; x_wconf 85' lang='grc' dir='ltr'>παραλλήλων</span> 
     </span>
     <span class='ocr_line' id='line_1_30' title="bbox 187 1906 1732 1947; baseline -0.001 -9"><span class='ocrx_word' id='word_1_295' title='bbox 187 1906 232 1947; x_wconf 81' lang='grc' dir='ltr'><em>τῷ</em></span> <span class='ocrx_word' id='word_1_296' title='bbox 249 1906 417 1947; x_wconf 82' lang='grc' dir='ltr'>ἰσημερινῷ</span> <span class='ocrx_word' id='word_1_297' title='bbox 438 1909 543 1947; x_wconf 80' lang='grc' dir='ltr'>κύκλῳ</span> <span class='ocrx_word' id='word_1_298' title='bbox 563 1908 637 1939; x_wconf 85' lang='grc' dir='ltr'>τότε</span> <span class='ocrx_word' id='word_1_299' title='bbox 660 1908 756 1945; x_wconf 87' lang='grc' dir='ltr'>μόνον</span> <span class='ocrx_word' id='word_1_300' title='bbox 780 1908 857 1946; x_wconf 85' lang='grc' dir='ltr'>δίχα</span> <span class='ocrx_word' id='word_1_301' title='bbox 882 1908 943 1938; x_wconf 83' lang='grc' dir='ltr'>ὑπὸ</span> <span class='ocrx_word' id='word_1_302' title='bbox 966 1908 1021 1937; x_wconf 83' lang='grc' dir='ltr'>τοῦ</span> <span class='ocrx_word' id='word_1_303' title='bbox 1046 1907 1207 1947; x_wconf 75' lang='grc' dir='ltr'>ὁρίζοντοσ</span> <span class='ocrx_word' id='word_1_304' title='bbox 1230 1907 1464 1946; x_wconf 82' lang='grc' dir='ltr'>διαιρουμένων,</span> <span class='ocrx_word' id='word_1_305' title='bbox 1483 1908 1566 1937; x_wconf 82' lang='grc' dir='ltr'>ὥστε</span> <span class='ocrx_word' id='word_1_306' title='bbox 1588 1907 1629 1937; x_wconf 87' lang='grc' dir='ltr'>τὰ</span> <span class='ocrx_word' id='word_1_307' title='bbox 1653 1907 1732 1946; x_wconf 77' lang='grc' dir='ltr'>ὑπὲρ</span> 
     </span>
     <span class='ocr_line' id='line_1_31' title="bbox 187 1957 1727 1998; baseline -0.001 -8"><span class='ocrx_word' id='word_1_308' title='bbox 187 1960 250 1998; x_wconf 79' lang='grc' dir='ltr'>’γῆν</span> <span class='ocrx_word' id='word_1_309' title='bbox 274 1961 377 1990; x_wconf 77' lang='grc' dir='ltr'>αὐτῶν</span> <span class='ocrx_word' id='word_1_310' title='bbox 404 1960 557 1997; x_wconf 86' lang='grc' dir='ltr'>τμήματα</span> <span class='ocrx_word' id='word_1_311' title='bbox 586 1960 678 1996; x_wconf 86' lang='grc' dir='ltr'>ὅμοιά.</span> <span class='ocrx_word' id='word_1_312' title='bbox 705 1971 740 1989; x_wconf 84' lang='grc' dir='ltr'>τε</span> <span class='ocrx_word' id='word_1_313' title='bbox 764 1959 926 1996; x_wconf 82' lang='grc' dir='ltr'>ἀλλήλοισ</span> <span class='ocrx_word' id='word_1_314' title='bbox 953 1960 1033 1989; x_wconf 81' lang='grc' dir='ltr'>εἶναι</span> <span class='ocrx_word' id='word_1_315' title='bbox 1061 1960 1112 1989; x_wconf 80' lang='grc' dir='ltr'>καὶ</span> <span class='ocrx_word' id='word_1_316' title='bbox 1139 1960 1192 1989; x_wconf 87' lang='grc' dir='ltr'>ἴσα</span> <span class='ocrx_word' id='word_1_317' title='bbox 1219 1959 1290 1989; x_wconf 85' lang='grc' dir='ltr'>τοῖσ</span> <span class='ocrx_word' id='word_1_318' title='bbox 1314 1959 1375 1988; x_wconf 84' lang='grc' dir='ltr'>ὑπὸ</span> <span class='ocrx_word' id='word_1_319' title='bbox 1396 1959 1460 1997; x_wconf 66' lang='grc' dir='ltr'>’γῆν</span> <span class='ocrx_word' id='word_1_320' title='bbox 1483 1957 1556 1989; x_wconf 85' lang='grc' dir='ltr'>καθ’</span> <span class='ocrx_word' id='word_1_321' title='bbox 1579 1959 1727 1996; x_wconf 81' lang='grc' dir='ltr'>ἕκαστον,</span> 
     </span>
     <span class='ocr_line' id='line_1_32' title="bbox 188 2008 1729 2051; baseline 0 -9"><span class='ocrx_word' id='word_1_322' title='bbox 188 2013 243 2042; x_wconf 81' lang='grc' dir='ltr'>τοῦ</span> <span class='ocrx_word' id='word_1_323' title='bbox 259 2013 401 2042; x_wconf 84' lang='grc' dir='ltr'>τοιούτου</span> <span class='ocrx_word' id='word_1_324' title='bbox 416 2012 461 2049; x_wconf 82' lang='grc' dir='ltr'>μὴ</span> <span class='ocrx_word' id='word_1_325' title='bbox 477 2012 716 2051; x_wconf 84' lang='grc' dir='ltr'>συμβαίνοντοσ</span> <span class='ocrx_word' id='word_1_326' title='bbox 737 2012 790 2041; x_wconf 85' lang='grc' dir='ltr'>ἐπὶ</span> <span class='ocrx_word' id='word_1_327' title='bbox 806 2011 967 2048; x_wconf 85' lang='grc' dir='ltr'>μηδεμίασ</span> <span class='ocrx_word' id='word_1_328' title='bbox 987 2011 1051 2040; x_wconf 80' lang='grc' dir='ltr'>τῶν</span> <span class='ocrx_word' id='word_1_329' title='bbox 1072 2011 1247 2049; x_wconf 74' lang='grc' dir='ltr'>ἐγκλίσεων</span> <span class='ocrx_word' id='word_1_330' title='bbox 1349 2009 1498 2040; x_wconf 84' lang='grc'><strong>323-355</strong></span> <span class='ocrx_word' id='word_1_331' title='bbox 1522 2008 1652 2042; x_wconf 86' lang='lat' dir='ltr'>Cleom.</span> <span class='ocrx_word' id='word_1_332' title='bbox 1673 2018 1686 2041; x_wconf 89' lang='grc' dir='ltr'>Ι</span> <span class='ocrx_word' id='word_1_333' title='bbox 1709 2011 1729 2042; x_wconf 90' lang='grc'><strong>5</strong></span> 
     </span>
     <span class='ocr_line' id='line_1_33' title="bbox 189 2062 1726 2102; baseline -0.001 -8"><span class='ocrx_word' id='word_1_334' title='bbox 189 2063 302 2102; x_wconf 74' lang='lat'>(21—2)</span> <span class='ocrx_word' id='word_1_335' title='bbox 328 2064 507 2094; x_wconf 85' lang='grc' dir='ltr'>ὑποκείσθω</span> <span class='ocrx_word' id='word_1_336' title='bbox 529 2064 634 2093; x_wconf 88' lang='grc' dir='ltr'>τοίνυν</span> <span class='ocrx_word' id='word_1_337' title='bbox 658 2074 712 2093; x_wconf 92' lang='grc' dir='ltr'>τισ</span> <span class='ocrx_word' id='word_1_338' title='bbox 735 2063 770 2093; x_wconf 86' lang='grc' dir='ltr'>ἐκ</span> <span class='ocrx_word' id='word_1_339' title='bbox 793 2064 856 2100; x_wconf 89' lang='grc' dir='ltr'>τῆσ</span> <span class='ocrx_word' id='word_1_340' title='bbox 879 2063 1129 2100; x_wconf 83' lang='grc' dir='ltr'>διακεκαυμένησ</span> <span class='ocrx_word' id='word_1_341' title='bbox 1156 2063 1205 2092; x_wconf 82' lang='grc' dir='ltr'>εἰσ</span> <span class='ocrx_word' id='word_1_342' title='bbox 1227 2063 1285 2099; x_wconf 81' lang='grc' dir='ltr'>τὴν</span> <span class='ocrx_word' id='word_1_343' title='bbox 1309 2062 1464 2102; x_wconf 80' lang='grc' dir='ltr'>ἡμετέραν</span> <span class='ocrx_word' id='word_1_344' title='bbox 1488 2064 1638 2102; x_wconf 84' lang='grc' dir='ltr'>εὔκρατον</span> <span class='ocrx_word' id='word_1_345' title='bbox 1661 2063 1726 2093; x_wconf 80' lang='grc' dir='ltr'>ἰών.</span> 
     </span>
     <span class='ocr_line' id='line_1_34' title="bbox 189 2112 1732 2153; baseline 0 -8"><span class='ocrx_word' id='word_1_346' title='bbox 189 2116 299 2146; x_wconf 81' lang='grc' dir='ltr'>οὐκοῦν</span> <span class='ocrx_word' id='word_1_347' title='bbox 316 2116 363 2146; x_wconf 79' lang='grc' dir='ltr'>ἔτι</span> <span class='ocrx_word' id='word_1_348' title='bbox 382 2116 440 2153; x_wconf 76' lang='grc' dir='ltr'>μὲν</span> <span class='ocrx_word' id='word_1_349' title='bbox 462 2115 528 2145; x_wconf 78' lang='grc' dir='ltr'>ὄντι</span> <span class='ocrx_word' id='word_1_350' title='bbox 550 2112 636 2153; x_wconf 73' lang='grc' dir='ltr'>αὐτῷ</span> <span class='ocrx_word' id='word_1_351' title='bbox 658 2114 719 2145; x_wconf 85' lang='grc' dir='ltr'>ὑπὸ</span> <span class='ocrx_word' id='word_1_352' title='bbox 742 2114 797 2144; x_wconf 89' lang='grc' dir='ltr'>τὸν</span> <span class='ocrx_word' id='word_1_353' title='bbox 821 2114 999 2153; x_wconf 80' lang='grc' dir='ltr'>ἰσημερινὸν</span> <span class='ocrx_word' id='word_1_354' title='bbox 1023 2114 1176 2153; x_wconf 83' lang='grc' dir='ltr'>ἑκάτεροσ</span> <span class='ocrx_word' id='word_1_355' title='bbox 1197 2114 1260 2143; x_wconf 83' lang='grc' dir='ltr'>τῶν</span> <span class='ocrx_word' id='word_1_356' title='bbox 1283 2114 1392 2143; x_wconf 82' lang='grc' dir='ltr'>πόλων</span> <span class='ocrx_word' id='word_1_357' title='bbox 1415 2114 1469 2144; x_wconf 81' lang='grc' dir='ltr'>ἐπὶ</span> <span class='ocrx_word' id='word_1_358' title='bbox 1491 2115 1548 2144; x_wconf 81' lang='grc' dir='ltr'>τοῦ</span> <span class='ocrx_word' id='word_1_359' title='bbox 1569 2113 1732 2153; x_wconf 76' lang='grc' dir='ltr'>ὁρίζοντοσ</span> 
     </span>
     <span class='ocr_line' id='line_1_35' title="bbox 189 2163 1727 2205; baseline 0 -8"><span class='ocrx_word' id='word_1_360' title='bbox 189 2167 377 2205; x_wconf 87' lang='grc' dir='ltr'>ὀφθήσεται,</span> <span class='ocrx_word' id='word_1_361' title='bbox 412 2167 462 2197; x_wconf 80' lang='grc' dir='ltr'>καὶ</span> <span class='ocrx_word' id='word_1_362' title='bbox 494 2167 564 2196; x_wconf 80' lang='grc' dir='ltr'>οὔτε</span> <span class='ocrx_word' id='word_1_363' title='bbox 596 2167 725 2205; x_wconf 82' lang='grc' dir='ltr'>ἀφανέσ</span> <span class='ocrx_word' id='word_1_364' title='bbox 754 2177 785 2196; x_wconf 89' lang='grc' dir='ltr'>τι</span> <span class='ocrx_word' id='word_1_365' title='bbox 817 2166 880 2196; x_wconf 81' lang='grc' dir='ltr'>τῶν</span> <span class='ocrx_word' id='word_1_366' title='bbox 911 2166 1036 2205; x_wconf 85' lang='grc' dir='ltr'>ἄστρων</span> <span class='ocrx_word' id='word_1_367' title='bbox 1068 2163 1154 2203; x_wconf 75' lang='grc' dir='ltr'>αὐτῷ</span> <span class='ocrx_word' id='word_1_368' title='bbox 1182 2165 1356 2204; x_wconf 75' lang='grc' dir='ltr'>’γενήσεται</span> <span class='ocrx_word' id='word_1_369' title='bbox 1387 2166 1458 2196; x_wconf 80' lang='grc' dir='ltr'>οὔτε</span> <span class='ocrx_word' id='word_1_370' title='bbox 1489 2165 1667 2204; x_wconf 79' lang='grc' dir='ltr'>ἀειφανέσ.</span> <span class='ocrx_word' id='word_1_371' title='bbox 1691 2190 1697 2197; x_wconf 93' lang='grc'><strong>.</strong></span> <span class='ocrx_word' id='word_1_372' title='bbox 1719 2189 1727 2197; x_wconf 85' lang='grc'><strong>.</strong></span> 
     </span>
     <span class='ocr_line' id='line_1_36' title="bbox 190 2215 1732 2258; baseline -0.001 -9"><span class='ocrx_word' id='word_1_373' title='bbox 190 2219 319 2249; x_wconf 80' lang='grc' dir='ltr'>ἐπειδὰν</span> <span class='ocrx_word' id='word_1_374' title='bbox 344 2219 378 2249; x_wconf 80' lang='grc' dir='ltr'>δὲ</span> <span class='ocrx_word' id='word_1_375' title='bbox 399 2219 503 2258; x_wconf 79' lang='grc' dir='ltr'>ἀρχὴν</span> <span class='ocrx_word' id='word_1_376' title='bbox 519 2218 606 2257; x_wconf 85' lang='grc' dir='ltr'>λάβῃ</span> <span class='ocrx_word' id='word_1_377' title='bbox 628 2219 684 2248; x_wconf 82' lang='grc' dir='ltr'>τοῦ</span> <span class='ocrx_word' id='word_1_378' title='bbox 708 2218 826 2248; x_wconf 79' lang='grc' dir='ltr'>ἐκεῖθεν</span> <span class='ocrx_word' id='word_1_379' title='bbox 853 2218 989 2247; x_wconf 83' lang='grc' dir='ltr'>ἐνταῦθα</span> <span class='ocrx_word' id='word_1_380' title='bbox 1013 2217 1258 2257; x_wconf 72' lang='grc' dir='ltr'>παραγίνεσθαι,</span> <span class='ocrx_word' id='word_1_381' title='bbox 1279 2216 1295 2246; x_wconf 88' lang='grc' dir='ltr'>ὀ</span> <span class='ocrx_word' id='word_1_382' title='bbox 1316 2217 1375 2254; x_wconf 76' lang='grc' dir='ltr'>μὲν</span> <span class='ocrx_word' id='word_1_383' title='bbox 1399 2217 1505 2247; x_wconf 88' lang='grc' dir='ltr'>νότιοσ</span> <span class='ocrx_word' id='word_1_384' title='bbox 1523 2215 1609 2256; x_wconf 78' lang='grc' dir='ltr'>αὐτῷ</span> <span class='ocrx_word' id='word_1_385' title='bbox 1628 2218 1732 2248; x_wconf 89' lang='grc' dir='ltr'>πόλοσ</span> 
     </span>
     <span class='ocr_line' id='line_1_37' title="bbox 189 2268 1733 2310; baseline 0 -10"><span class='ocrx_word' id='word_1_386' title='bbox 189 2271 472 2310; x_wconf 85' lang='grc' dir='ltr'>ἁποκρυφθήσεται</span> <span class='ocrx_word' id='word_1_387' title='bbox 496 2270 684 2308; x_wconf 71' lang='grc' dir='ltr'>ἀναγκαίωσ</span> <span class='ocrx_word' id='word_1_388' title='bbox 707 2269 770 2300; x_wconf 84' lang='grc' dir='ltr'>ὑπὸ</span> <span class='ocrx_word' id='word_1_389' title='bbox 792 2270 849 2299; x_wconf 85' lang='grc' dir='ltr'>τοῦ</span> <span class='ocrx_word' id='word_1_390' title='bbox 873 2269 954 2299; x_wconf 87' lang='grc' dir='ltr'>κατὰ</span> <span class='ocrx_word' id='word_1_391' title='bbox 977 2269 1035 2306; x_wconf 84' lang='grc' dir='ltr'>τὴν</span> <span class='ocrx_word' id='word_1_392' title='bbox 1058 2269 1120 2307; x_wconf 76' lang='grc' dir='ltr'>’γῆν</span> <span class='ocrx_word' id='word_1_393' title='bbox 1145 2268 1363 2308; x_wconf 87' lang='grc' dir='ltr'>κυρτώματοσ,</span> <span class='ocrx_word' id='word_1_394' title='bbox 1383 2268 1399 2298; x_wconf 85' lang='grc' dir='ltr'><strong>ὁ</strong></span> <span class='ocrx_word' id='word_1_395' title='bbox 1422 2269 1455 2298; x_wconf 79' lang='grc' dir='ltr'>δὲ</span> <span class='ocrx_word' id='word_1_396' title='bbox 1472 2269 1602 2309; x_wconf 81' lang='grc' dir='ltr'>βόρειοσ</span> <span class='ocrx_word' id='word_1_397' title='bbox 1622 2271 1657 2300; x_wconf 80' lang='grc' dir='ltr'>ἐκ</span> <span class='ocrx_word' id='word_1_398' title='bbox 1675 2270 1733 2300; x_wconf 81' lang='grc' dir='ltr'>τοῦ</span> 
     </span>
     <span class='ocr_line' id='line_1_38' title="bbox 190 2318 1731 2362; baseline -0.001 -10"><span class='ocrx_word' id='word_1_399' title='bbox 190 2322 272 2362; x_wconf 86' lang='grc' dir='ltr'>πρὸσ</span> <span class='ocrx_word' id='word_1_400' title='bbox 289 2323 387 2361; x_wconf 74' lang='grc' dir='ltr'>λόγον</span> <span class='ocrx_word' id='word_1_401' title='bbox 407 2323 456 2351; x_wconf 85' lang='grc' dir='ltr'>εἰσ</span> <span class='ocrx_word' id='word_1_402' title='bbox 477 2322 560 2361; x_wconf 78' lang='grc' dir='ltr'>ὕψοσ</span> <span class='ocrx_word' id='word_1_403' title='bbox 585 2322 622 2351; x_wconf 86' lang='grc' dir='ltr'>ἂν</span> <span class='ocrx_word' id='word_1_404' title='bbox 647 2321 810 2360; x_wconf 79' lang='grc' dir='ltr'>ἐξαίροιτο.</span> <span class='ocrx_word' id='word_1_405' title='bbox 861 2322 914 2350; x_wconf 78' lang='grc' dir='ltr'>καὶ</span> <span class='ocrx_word' id='word_1_406' title='bbox 936 2321 1039 2350; x_wconf 80' lang='grc' dir='ltr'>οὕτωσ</span> <span class='ocrx_word' id='word_1_407' title='bbox 1061 2320 1098 2350; x_wconf 82' lang='grc' dir='ltr'>ἂν</span> <span class='ocrx_word' id='word_1_408' title='bbox 1120 2318 1205 2359; x_wconf 80' lang='grc' dir='ltr'>αὐτῷ</span> <span class='ocrx_word' id='word_1_409' title='bbox 1228 2321 1367 2357; x_wconf 74' lang='grc' dir='ltr'>ἕὙκλιμα</span> <span class='ocrx_word' id='word_1_410' title='bbox 1385 2320 1546 2360; x_wconf 83' lang='grc' dir='ltr'>λαμβάνοι</span> <span class='ocrx_word' id='word_1_411' title='bbox 1570 2319 1586 2351; x_wconf 89' lang='grc' dir='ltr'>ὁ</span> <span class='ocrx_word' id='word_1_412' title='bbox 1609 2321 1731 2359; x_wconf 85' lang='grc' dir='ltr'>κόσμοσ</span> 
     </span>
     <span class='ocr_line' id='line_1_39' title="bbox 189 2370 1733 2413; baseline 0 -10"><span class='ocrx_word' id='word_1_413' title='bbox 189 2374 254 2403; x_wconf 87' lang='grc' dir='ltr'>ἀπὸ</span> <span class='ocrx_word' id='word_1_414' title='bbox 269 2374 332 2403; x_wconf 81' lang='grc' dir='ltr'>τῶν</span> <span class='ocrx_word' id='word_1_415' title='bbox 349 2374 480 2413; x_wconf 84' lang='grc' dir='ltr'>βορείων</span> <span class='ocrx_word' id='word_1_416' title='bbox 499 2373 545 2403; x_wconf 86' lang='grc' dir='ltr'>ὡσ</span> <span class='ocrx_word' id='word_1_417' title='bbox 561 2373 615 2403; x_wconf 77' lang='grc' dir='ltr'>ἐπὶ</span> <span class='ocrx_word' id='word_1_418' title='bbox 631 2373 672 2403; x_wconf 87' lang='grc' dir='ltr'>τὰ</span> <span class='ocrx_word' id='word_1_419' title='bbox 689 2373 791 2402; x_wconf 71' lang='lat' dir='ltr'>vona*</span> <span class='ocrx_word' id='word_1_420' title='bbox 809 2373 861 2402; x_wconf 81' lang='grc' dir='ltr'>καὶ</span> <span class='ocrx_word' id='word_1_421' title='bbox 877 2372 917 2402; x_wconf 86' lang='grc' dir='ltr'>τὰ</span> <span class='ocrx_word' id='word_1_422' title='bbox 936 2372 994 2409; x_wconf 81' lang='grc' dir='ltr'>μὲν</span> <span class='ocrx_word' id='word_1_423' title='bbox 1013 2372 1122 2410; x_wconf 78' lang='grc' dir='ltr'>ἀφανῆ</span> <span class='ocrx_word' id='word_1_424' title='bbox 1137 2372 1177 2401; x_wconf 89' lang='grc' dir='ltr'>τὰ</span> <span class='ocrx_word' id='word_1_425' title='bbox 1195 2370 1221 2401; x_wconf 83' lang='grc' dir='ltr'>δ’</span> <span class='ocrx_word' id='word_1_426' title='bbox 1239 2372 1375 2410; x_wconf 86' lang='grc' dir='ltr'>ἀειφανῆ</span> <span class='ocrx_word' id='word_1_427' title='bbox 1390 2371 1508 2410; x_wconf 72' lang='grc' dir='ltr'>’γένοιτ’</span> <span class='ocrx_word' id='word_1_428' title='bbox 1525 2372 1564 2402; x_wconf 82' lang='grc' dir='ltr'>ἂν</span> <span class='ocrx_word' id='word_1_429' title='bbox 1579 2373 1642 2402; x_wconf 81' lang='grc' dir='ltr'>τῶν</span> <span class='ocrx_word' id='word_1_430' title='bbox 1660 2374 1733 2413; x_wconf 81' lang='grc' dir='ltr'>περὶ</span> 
     </span>
     <span class='ocr_line' id='line_1_40' title="bbox 188 2423 1730 2464; baseline -0.001 -9"><span class='ocrx_word' id='word_1_431' title='bbox 188 2426 267 2455; x_wconf 75' lang='grc' dir='ltr'>τοὺσ</span> <span class='ocrx_word' id='word_1_432' title='bbox 288 2426 412 2455; x_wconf 86' lang='grc' dir='ltr'>πόλουσ</span> <span class='ocrx_word' id='word_1_433' title='bbox 427 2425 554 2464; x_wconf 83' lang='grc' dir='ltr'>ἄστρων</span> <span class='ocrx_word' id='word_1_434' title='bbox 571 2448 578 2456; x_wconf 93' lang='grc'><strong>.</strong></span> <span class='ocrx_word' id='word_1_435' title='bbox 602 2448 609 2455; x_wconf 92' lang='grc'><strong>.</strong></span> <span class='ocrx_word' id='word_1_436' title='bbox 630 2448 637 2454; x_wconf 90' lang='grc'><strong>.</strong></span> <span class='ocrx_word' id='word_1_437' title='bbox 659 2425 711 2454; x_wconf 80' lang='grc' dir='ltr'>καὶ</span> <span class='ocrx_word' id='word_1_438' title='bbox 732 2424 788 2454; x_wconf 81' lang='grc' dir='ltr'>τοῦ</span> <span class='ocrx_word' id='word_1_439' title='bbox 810 2424 927 2461; x_wconf 84' lang='grc' dir='ltr'>κόσμου</span> <span class='ocrx_word' id='word_1_440' title='bbox 952 2424 1000 2454; x_wconf 82' lang='grc' dir='ltr'>ἀεὶ</span> <span class='ocrx_word' id='word_1_441' title='bbox 1022 2424 1147 2460; x_wconf 80' lang='grc' dir='ltr'>μᾶλλον</span> <span class='ocrx_word' id='word_1_442' title='bbox 1171 2423 1253 2453; x_wconf 86' lang='grc' dir='ltr'>κατὰ</span> <span class='ocrx_word' id='word_1_443' title='bbox 1275 2424 1332 2460; x_wconf 85' lang='grc' dir='ltr'>τὴν</span> <span class='ocrx_word' id='word_1_444' title='bbox 1357 2424 1487 2463; x_wconf 81' lang='grc' dir='ltr'>πορείαν</span> <span class='ocrx_word' id='word_1_445' title='bbox 1503 2424 1730 2462; x_wconf 72' lang='grc' dir='ltr'>ἐγκλινομένην</span> 
     </span>
     <span class='ocr_line' id='line_1_41' title="bbox 189 2474 1729 2516; baseline -0.001 -10"><span class='ocrx_word' id='word_1_446' title='bbox 189 2478 246 2513; x_wconf 76' lang='grc' dir='ltr'>τὴν</span> <span class='ocrx_word' id='word_1_447' title='bbox 264 2476 352 2507; x_wconf 84' lang='grc' dir='ltr'>θέσιν</span> <span class='ocrx_word' id='word_1_448' title='bbox 369 2476 598 2516; x_wconf 85' lang='grc' dir='ltr'>λαμβάνοντοσ</span> <span class='ocrx_word' id='word_1_449' title='bbox 620 2476 662 2505; x_wconf 89' lang='grc' dir='ltr'>τὰ</span> <span class='ocrx_word' id='word_1_450' title='bbox 680 2476 738 2512; x_wconf 81' lang='grc' dir='ltr'>μὲν</span> <span class='ocrx_word' id='word_1_451' title='bbox 754 2475 865 2516; x_wconf 83' lang='grc' dir='ltr'>βόρεια</span> <span class='ocrx_word' id='word_1_452' title='bbox 889 2476 944 2505; x_wconf 82' lang='grc' dir='ltr'>τοῦ</span> <span class='ocrx_word' id='word_1_453' title='bbox 968 2475 1119 2513; x_wconf 73' lang='grc' dir='ltr'>ζῳδιακοῦ</span> <span class='ocrx_word' id='word_1_454' title='bbox 1143 2474 1251 2514; x_wconf 81' lang='grc' dir='ltr'>ὑψηλὰ</span> <span class='ocrx_word' id='word_1_455' title='bbox 1269 2475 1320 2504; x_wconf 83' lang='grc' dir='ltr'>καὶ</span> <span class='ocrx_word' id='word_1_456' title='bbox 1337 2476 1389 2505; x_wconf 79' lang='grc' dir='ltr'>ἐπὶ</span> <span class='ocrx_word' id='word_1_457' title='bbox 1409 2475 1562 2506; x_wconf 80' lang='grc' dir='ltr'>πλεῖστον</span> <span class='ocrx_word' id='word_1_458' title='bbox 1577 2475 1729 2516; x_wconf 69' lang='grc' dir='ltr'>ἐξηρμένα</span> 
     </span>
     <span class='ocr_line' id='line_1_42' title="bbox 190 2524 1730 2567; baseline -0.001 -9"><span class='ocrx_word' id='word_1_459' title='bbox 190 2528 255 2558; x_wconf 86' lang='grc' dir='ltr'>ἀπὸ</span> <span class='ocrx_word' id='word_1_460' title='bbox 270 2530 325 2558; x_wconf 85' lang='grc' dir='ltr'>τοῦ</span> <span class='ocrx_word' id='word_1_461' title='bbox 342 2527 503 2567; x_wconf 71' lang='grc' dir='ltr'>ὁρίζοντοσ</span> <span class='ocrx_word' id='word_1_462' title='bbox 520 2527 710 2565; x_wconf 84' lang='grc' dir='ltr'>ὀφθήσεται,</span> <span class='ocrx_word' id='word_1_463' title='bbox 729 2527 770 2556; x_wconf 89' lang='grc' dir='ltr'>τὰ</span> <span class='ocrx_word' id='word_1_464' title='bbox 794 2527 828 2557; x_wconf 73' lang='grc' dir='ltr'>δὲ</span> <span class='ocrx_word' id='word_1_465' title='bbox 850 2527 938 2557; x_wconf 83' lang='grc' dir='ltr'>νότια</span> <span class='ocrx_word' id='word_1_466' title='bbox 961 2526 1098 2556; x_wconf 88' lang='grc' dir='ltr'>ταπεινὰ</span> <span class='ocrx_word' id='word_1_467' title='bbox 1122 2527 1174 2556; x_wconf 85' lang='grc' dir='ltr'>καὶ</span> <span class='ocrx_word' id='word_1_468' title='bbox 1196 2526 1321 2562; x_wconf 83' lang='grc' dir='ltr'>μᾶλλον</span> <span class='ocrx_word' id='word_1_469' title='bbox 1337 2524 1384 2565; x_wconf 74' lang='grc' dir='ltr'>τῷ</span> <span class='ocrx_word' id='word_1_470' title='bbox 1400 2525 1532 2565; x_wconf 75' lang='grc' dir='ltr'>ὁρίζοντι</span> <span class='ocrx_word' id='word_1_471' title='bbox 1548 2527 1730 2565; x_wconf 69' lang='grc' dir='ltr'>πελάζοντα</span> 
     </span>
    </p>

    <p class='ocr_par' dir='ltr' id='par_1_4' title="bbox 187 2575 1731 2926">
     <span class='ocr_line' id='line_1_43' title="bbox 275 2575 1728 2619; baseline -0.001 -10"><span class='ocrx_word' id='word_1_472' title='bbox 275 2577 340 2608; x_wconf 82' lang='grc'>324</span> <span class='ocrx_word' id='word_1_473' title='bbox 361 2577 541 2619; x_wconf 80' lang='lat' dir='ltr'>quidquid,</span> <span class='ocrx_word' id='word_1_474' title='bbox 568 2577 604 2608; x_wconf 91' lang='lat' dir='ltr'>in</span> <span class='ocrx_word' id='word_1_475' title='bbox 627 2580 810 2619; x_wconf 79' lang='lat' dir='ltr'>quantum,</span> <span class='ocrx_word' id='word_1_476' title='bbox 831 2576 907 2608; x_wconf 85' lang='lat' dir='ltr'>Liu.</span> <span class='ocrx_word' id='word_1_477' title='bbox 928 2585 1021 2608; x_wconf 80' lang='lat' dir='ltr'>XXXI</span> <span class='ocrx_word' id='word_1_478' title='bbox 1048 2577 1062 2607; x_wconf 95' lang='lat' dir='ltr'>l</span> <span class='ocrx_word' id='word_1_479' title='bbox 1088 2577 1108 2607; x_wconf 89' lang='lat'>5</span> <span class='ocrx_word' id='word_1_480' title='bbox 1132 2575 1302 2617; x_wconf 78' lang='lat' dir='ltr'>quidquid</span> <span class='ocrx_word' id='word_1_481' title='bbox 1320 2575 1534 2617; x_wconf 71' lang='lat' dir='ltr'>proqredior,</span> <span class='ocrx_word' id='word_1_482' title='bbox 1554 2576 1636 2609; x_wconf 91' lang='lat' dir='ltr'>Luc.</span> <span class='ocrx_word' id='word_1_483' title='bbox 1657 2585 1728 2608; x_wconf 80' lang='lat' dir='ltr'>VIII</span> 
     </span>
     <span class='ocr_line' id='line_1_44' title="bbox 189 2627 1731 2671; baseline -0.001 -10"><span class='ocrx_word' id='word_1_484' title='bbox 189 2630 253 2661; x_wconf 88' lang='lat'>365</span> <span class='ocrx_word' id='word_1_485' title='bbox 269 2639 319 2671; x_wconf 84' lang='lat' dir='ltr'>sq.</span> <span class='ocrx_word' id='word_1_486' title='bbox 339 2629 509 2671; x_wconf 79' lang='lat' dir='ltr'>quidquid</span> <span class='ocrx_word' id='word_1_487' title='bbox 525 2629 572 2660; x_wconf 81' lang='lat' dir='ltr'>ad</span> <span class='ocrx_word' id='word_1_488' title='bbox 592 2639 665 2660; x_wconf 81' lang='lat' dir='ltr'>eoos</span> <span class='ocrx_word' id='word_1_489' title='bbox 684 2633 814 2660; x_wconf 78' lang='lat' dir='ltr'>tractus</span> <span class='ocrx_word' id='word_1_490' title='bbox 831 2628 1016 2668; x_wconf 79' lang='lat' dir='ltr'>mundique</span> <span class='ocrx_word' id='word_1_491' title='bbox 1036 2632 1183 2668; x_wconf 80' lang='lat' dir='ltr'>teporem</span> <span class='ocrx_word' id='word_1_492' title='bbox 1202 2627 1206 2669; x_wconf 84' lang='grc' dir='ltr'>Ι</span> <span class='ocrx_word' id='word_1_493' title='bbox 1228 2627 1334 2659; x_wconf 77' lang='lat' dir='ltr'>ibitur</span> <span class='ocrx_word' id='word_1_494' title='bbox 1420 2631 1466 2659; x_wconf 88' lang='lat' dir='ltr'>ad</span> <span class='ocrx_word' id='word_1_495' title='bbox 1481 2631 1656 2660; x_wconf 76' lang='lat' dir='ltr'>extremos</span> <span class='ocrx_word' id='word_1_496' title='bbox 1671 2631 1731 2659; x_wconf 76' lang='lat' dir='ltr'>Lm</span> 
     </span>
     <span class='ocr_line' id='line_1_45' title="bbox 190 2678 1730 2722; baseline -0.001 -10"><span class='ocrx_word' id='word_1_497' title='bbox 190 2684 226 2712; x_wconf 85' lang='lat' dir='ltr'>et</span> <span class='ocrx_word' id='word_1_498' title='bbox 243 2691 306 2722; x_wconf 91' lang='lat' dir='ltr'>pro</span> <span class='ocrx_word' id='word_1_499' title='bbox 323 2691 394 2712; x_wconf 85' lang='lat' dir='ltr'>uar.</span> <span class='ocrx_word' id='word_1_500' title='bbox 415 2691 481 2712; x_wconf 86' lang='lat' dir='ltr'>scr.</span> <span class='ocrx_word' id='word_1_501' title='bbox 502 2691 593 2712; x_wconf 80' lang='lat' dir='ltr'>man.</span> <span class='ocrx_word' id='word_1_502' title='bbox 616 2681 630 2711; x_wconf 95' lang='grc'>1</span> <span class='ocrx_word' id='word_1_503' title='bbox 657 2683 693 2718; x_wconf 85' lang='lat' dir='ltr'>G,</span> <span class='ocrx_word' id='word_1_504' title='bbox 712 2683 758 2711; x_wconf 85' lang='lat' dir='ltr'>ab</span> <span class='ocrx_word' id='word_1_505' title='bbox 779 2683 936 2711; x_wconf 81' lang='lat' dir='ltr'>extremo</span> <span class='ocrx_word' id='word_1_506' title='bbox 958 2682 984 2711; x_wconf 80' lang='lat' dir='ltr'><strong>G</strong></span> <span class='ocrx_word' id='word_1_507' title='bbox 999 2682 1035 2710; x_wconf 81' lang='lat' dir='ltr'>et</span> <span class='ocrx_word' id='word_1_508' title='bbox 1051 2690 1114 2721; x_wconf 85' lang='lat' dir='ltr'>pro</span> <span class='ocrx_word' id='word_1_509' title='bbox 1130 2689 1204 2710; x_wconf 86' lang='lat' dir='ltr'>uar.</span> <span class='ocrx_word' id='word_1_510' title='bbox 1225 2689 1289 2710; x_wconf 87' lang='lat' dir='ltr'>scr.</span> <span class='ocrx_word' id='word_1_511' title='bbox 1309 2678 1346 2710; x_wconf 77' lang='grc' dir='ltr'>Ι.2</span> <span class='ocrx_word' id='word_1_512' title='bbox 1447 2683 1557 2711; x_wconf 82' lang='lat' dir='ltr'>temet</span> <span class='ocrx_word' id='word_1_513' title='bbox 1572 2682 1598 2711; x_wconf 78' lang='lat' dir='ltr'><strong>G</strong></span> <span class='ocrx_word' id='word_1_514' title='bbox 1613 2682 1650 2711; x_wconf 87' lang='lat' dir='ltr'>et</span> <span class='ocrx_word' id='word_1_515' title='bbox 1664 2690 1730 2721; x_wconf 91' lang='lat' dir='ltr'>pro</span> 
     </span>
     <span class='ocr_line' id='line_1_46' title="bbox 191 2729 1728 2772; baseline -0.001 -8"><span class='ocrx_word' id='word_1_516' title='bbox 191 2743 263 2764; x_wconf 91' lang='lat' dir='ltr'>uar.</span> <span class='ocrx_word' id='word_1_517' title='bbox 284 2743 349 2764; x_wconf 87' lang='lat' dir='ltr'>scr.</span> <span class='ocrx_word' id='word_1_518' title='bbox 369 2731 415 2770; x_wconf 80' lang='lat' dir='ltr'>L²‚</span> <span class='ocrx_word' id='word_1_519' title='bbox 435 2735 534 2764; x_wconf 85' lang='lat' dir='ltr'>tenet</span> <span class='ocrx_word' id='word_1_520' title='bbox 557 2734 626 2763; x_wconf 85' lang='lat' dir='ltr'>LM.</span> <span class='ocrx_word' id='word_1_521' title='bbox 676 2730 812 2763; x_wconf 85' lang='lat' dir='ltr'>Neuius</span> <span class='ocrx_word' id='word_1_522' title='bbox 836 2731 872 2762; x_wconf 91' lang='lat' dir='ltr'>in</span> <span class='ocrx_word' id='word_1_523' title='bbox 898 2731 1090 2762; x_wconf 83' lang='lat' dir='ltr'>formarum</span> <span class='ocrx_word' id='word_1_524' title='bbox 1117 2729 1279 2762; x_wconf 85' lang='lat' dir='ltr'>doctrina</span> <span class='ocrx_word' id='word_1_525' title='bbox 1305 2740 1417 2772; x_wconf 89' lang='lat' dir='ltr'>neque</span> <span class='ocrx_word' id='word_1_526' title='bbox 1442 2731 1506 2762; x_wconf 86' lang='lat' dir='ltr'>hoc</span> <span class='ocrx_word' id='word_1_527' title='bbox 1530 2731 1728 2772; x_wconf 87' lang='lat' dir='ltr'>exemplum</span> 
     </span>
     <span class='ocr_line' id='line_1_47' title="bbox 191 2781 1728 2825; baseline -0.001 -10"><span class='ocrx_word' id='word_1_528' title='bbox 191 2784 265 2815; x_wconf 85' lang='lat' dir='ltr'>eius</span> <span class='ocrx_word' id='word_1_529' title='bbox 287 2783 381 2825; x_wconf 87' lang='lat' dir='ltr'>quod</span> <span class='ocrx_word' id='word_1_530' title='bbox 405 2788 459 2814; x_wconf 83' lang='lat' dir='ltr'>est</span> <span class='ocrx_word' id='word_1_531' title='bbox 482 2788 577 2815; x_wconf 81' lang='lat' dir='ltr'>temet</span> <span class='ocrx_word' id='word_1_532' title='bbox 593 2793 706 2824; x_wconf 90' lang='lat' dir='ltr'>neque</span> <span class='ocrx_word' id='word_1_533' title='bbox 729 2782 839 2814; x_wconf 89' lang='lat' dir='ltr'>ullum</span> <span class='ocrx_word' id='word_1_534' title='bbox 865 2782 990 2813; x_wconf 82' lang='lat' dir='ltr'>attulit</span> <span class='ocrx_word' id='word_1_535' title='bbox 1014 2781 1151 2813; x_wconf 81' lang='lat' dir='ltr'>saeculo</span> <span class='ocrx_word' id='word_1_536' title='bbox 1171 2781 1278 2813; x_wconf 83' lang='lat' dir='ltr'>tertio</span> <span class='ocrx_word' id='word_1_537' title='bbox 1299 2781 1491 2823; x_wconf 81' lang='lat' dir='ltr'>antiquius,</span> <span class='ocrx_word' id='word_1_538' title='bbox 1510 2781 1571 2813; x_wconf 83' lang='lat' dir='ltr'>sed</span> <span class='ocrx_word' id='word_1_539' title='bbox 1589 2793 1631 2814; x_wconf 86' lang='lat' dir='ltr'>ex</span> <span class='ocrx_word' id='word_1_540' title='bbox 1648 2782 1728 2814; x_wconf 78' lang='lat' dir='ltr'>Seu.</span> 
     </span>
     <span class='ocr_line' id='line_1_48' title="bbox 191 2833 1726 2875; baseline -0.002 -8"><span class='ocrx_word' id='word_1_541' title='bbox 191 2834 323 2867; x_wconf 83' lang='lat' dir='ltr'>Phaed.</span> <span class='ocrx_word' id='word_1_542' title='bbox 361 2835 443 2866; x_wconf 76' lang='lat'>1222</span> <span class='ocrx_word' id='word_1_543' title='bbox 473 2834 622 2872; x_wconf 77' lang='lat' dir='ltr'>tibimet;</span> <span class='ocrx_word' id='word_1_544' title='bbox 661 2838 760 2866; x_wconf 71' lang='lat' dir='ltr'>semet</span> <span class='ocrx_word' id='word_1_545' title='bbox 796 2833 965 2865; x_wconf 88' lang='lat' dir='ltr'>Manilius</span> <span class='ocrx_word' id='word_1_546' title='bbox 996 2833 1125 2875; x_wconf 75' lang='lat' dir='ltr'>passim</span> <span class='ocrx_word' id='word_1_547' title='bbox 1161 2833 1348 2874; x_wconf 86' lang='lat' dir='ltr'>usurpauit</span> <span class='ocrx_word' id='word_1_548' title='bbox 1467 2836 1685 2872; x_wconf 81' lang='lat' dir='ltr'>prouecserit</span> <span class='ocrx_word' id='word_1_549' title='bbox 1694 2835 1726 2872; x_wconf 64' lang='lat'>³⁶,</span> 
     </span>
     <span class='ocr_line' id='line_1_49' title="bbox 187 2884 1730 2926; baseline -0.001 -8"><span class='ocrx_word' id='word_1_550' title='bbox 187 2888 404 2925; x_wconf 66' lang='lat' dir='ltr'>prouectu-is</span> <span class='ocrx_word' id='word_1_551' title='bbox 435 2885 492 2917; x_wconf 87' lang='lat' dir='ltr'>uel</span> <span class='ocrx_word' id='word_1_552' title='bbox 522 2888 762 2924; x_wconf 79' lang='lat' dir='ltr'>praeuecteris</span> <span class='ocrx_word' id='word_1_553' title='bbox 797 2888 881 2916; x_wconf 83' lang='lat' dir='ltr'>GLM</span> <span class='ocrx_word' id='word_1_554' title='bbox 913 2884 1137 2926; x_wconf 80' lang='lat' dir='ltr'>transpositis</span> <span class='ocrx_word' id='word_1_555' title='bbox 1167 2895 1182 2915; x_wconf 70' lang='grc'><em>3</em></span> <span class='ocrx_word' id='word_1_556' title='bbox 1213 2887 1249 2916; x_wconf 87' lang='lat' dir='ltr'>et</span> <span class='ocrx_word' id='word_1_557' title='bbox 1280 2889 1292 2915; x_wconf 71' lang='lat' dir='ltr'>t</span> <span class='ocrx_word' id='word_1_558' title='bbox 1323 2884 1465 2922; x_wconf 66' lang='lat' dir='ltr'>litteris,</span> <span class='ocrx_word' id='word_1_559' title='bbox 1495 2885 1730 2926; x_wconf 65' lang='lat' dir='ltr'>praeuerteris</span> 
     </span>
    </p>
   </div>
  </div>
 </body>
</html>
