1877 3146
200 103 252 141 18
793 97 854 139 M.
887 97 1139 139 MANILII

252 217 322 249 205
377 210 609 266 exprimere
628 210 810 250 inmerso
829 204 1072 264 surgentem
1091 209 1352 264 horoscopon
1373 210 1483 252 orbe.

377 285 491 339 quod
510 284 590 326 nisi
609 284 756 325 subtili
775 284 916 325 uisum
935 284 1099 325 ratione
1117 289 1302 335 tenetur,

377 358 658 400 fundamenta
676 363 807 399 ruunt
827 358 930 399 artis
950 372 1026 400 nec
1047 364 1252 400 consonat
1272 358 1374 400 ordo
1391 374 1399 409 3

378 432 619 475 cardinibus
639 432 842 487 quoniam
860 432 988 482 falsis,
1011 432 1084 487 qui
1104 438 1258 475 cuncta
1278 433 1528 488 gubernant,

379 507 584 548 mentitur
602 506 755 547 faciem
775 505 958 548 mundus
979 520 1054 548 nec
1075 512 1244 548 constat
1265 507 1380 562 origo

253 589 322 620 210
378 581 571 636 flexaque
591 586 808 622 momento
827 581 1049 622 uariantur
1068 581 1205 623 sidera
1224 582 1384 636 templi.

377 655 464 705 sed,
486 660 649 710 quanta
669 655 836 705 effectu,
858 670 923 697 res
944 661 1008 697 est
1027 661 1119 697 tam
1138 656 1262 710 plena
1283 656 1436 698 laboris

198 774 366 814 (Claudii)
393 785 488 806 nemo
515 774 620 806 nouit.
670 774 725 805 his
753 773 889 805 duobus
916 774 1076 806 uersibus
1107 774 1171 806 204
1198 785 1248 816 sq.
1279 775 1494 816 respondent
1520 786 1609 817 quae
1635 775 1733 807 Paul.

196 827 296 858 Alex.
318 826 350 858 R
375 825 550 858 habentur
577 827 596 864 ὴ
624 827 686 864 τῆσ
713 826 982 864 ἀποκυητικῆσ
1008 827 1156 866 ἡμέρασ
1183 827 1409 867 ὡροσκοποῦσα
1436 828 1540 868 μοιρία
1567 829 1642 865 ἥτισ
1665 828 1740 858 ἀπὸ

195 881 260 910 τοῦ
284 880 461 917 ἀφανοῦσ
484 879 626 915 κόσμου
649 880 698 908 εἰσ
721 879 776 909 τὸν
797 879 922 917 ἐμφανῆ
946 879 1153 908 ἀνατέλλει
1177 880 1229 908 καὶ
1249 879 1307 915 τὴν
1329 880 1393 909 τοῦ
1417 879 1589 919 βρέφουσ
1611 880 1738 918 ’γένεσιν

196 931 335 968 οἰακίζει.
384 929 511 961 natali-s·
539 929 613 961 nati
647 940 724 961 cum
755 929 840 960 ferri
869 939 937 960 non
965 933 1095 971 posset,
1126 928 1279 971 Scaliger
1305 940 1327 960 a
1354 930 1418 961 cali
1444 930 1612 971 reposuit,
1642 930 1739 961 nulla

196 981 386 1019 sententia,
415 991 527 1022 neque
554 981 658 1018 enim,
686 981 780 1023 quod
807 980 1032 1012 adseueranti
1060 981 1092 1012 ei
1119 981 1223 1012 nimis
1250 980 1354 1012 facile
1379 981 1554 1013 creditum
1581 984 1646 1020 est,
1676 985 1740 1013 aut

196 1042 242 1064 111
265 1033 328 1065 338
352 1036 415 1064 aut
440 1042 586 1073 usquam
611 1032 691 1064 talis
716 1032 767 1063 ita
789 1031 921 1063 dicitur
945 1035 985 1063 ut
1009 1032 1056 1063 sit
1081 1032 1096 1062 ὁ
1122 1032 1207 1063 δεῖνα,
1294 1031 1357 1063 205
1380 1034 1546 1064 immerso
1570 1032 1736 1074 Scaliger,

194 1087 354 1116 inmenso
377 1083 458 1115 libri
482 1087 523 1115 ut
546 1092 559 1115 1
584 1084 657 1122 392,
682 1084 757 1122 830,
779 1092 808 1115 11
831 1084 884 1122 46,
911 1094 1059 1124 quorum
1083 1083 1238 1115 locorum
1262 1083 1436 1115 secundus
1459 1084 1648 1126 praecipue
1671 1084 1739 1115 hue

194 1136 361 1178 pertinet,
387 1135 610 1176 caelumque
632 1135 759 1167 rediret
779 1135 783 1175 Ι
804 1134 1044 1166 inmersum:
1080 1134 1180 1173 adde,
1207 1137 1348 1176 praeter
1373 1135 1475 1167 Pauli
1502 1135 1610 1167 uerba
1635 1135 1738 1167 modo

195 1187 326 1226 adlata,
353 1196 383 1218 11
419 1186 482 1221 837
513 1186 744 1218 submersum.
766 1211 773 1218 .
796 1211 802 1218 .
823 1186 945 1225 orbem,
976 1186 1040 1218 892
1075 1186 1262 1218 submersi.
1283 1211 1290 1218 .
1313 1211 1320 1218 .
1339 1186 1471 1225 mundi,
1506 1195 1552 1218 111
1585 1187 1649 1219 483
1685 1197 1734 1228 sq.

195 1249 335 1271 nascens
352 1263 359 1270 .
381 1263 387 1270 .
409 1263 416 1270 .
438 1243 592 1269 astrum.
617 1262 623 1269 .
645 1263 652 1270 .
673 1237 775 1270 uadis
801 1237 959 1269 emissum
984 1237 1069 1268 item
1094 1237 1137 1268 de
1162 1237 1364 1279 horoscopo.
1415 1237 1590 1280 Scaligero
1616 1237 1738 1270 adsen-

193 1293 315 1322 serunt
336 1292 512 1331 quotquot
535 1289 571 1321 in
595 1289 713 1331 aliquo
735 1292 818 1320 sunt
837 1299 981 1320 numero
1002 1288 1177 1320 editores:
1203 1299 1245 1320 ex
1264 1289 1409 1331 reliquis
1425 1289 1605 1321 Breiterus
1621 1289 1737 1321 orbem

193 1343 450 1384 interpretatur
463 1341 692 1379 horizontem,
708 1351 812 1382 quem
825 1351 926 1371 nemo
939 1350 1105 1382 umquam
1122 1341 1329 1372 immensum
1341 1340 1536 1382 appellauit
1550 1352 1558 1378 ;
1582 1341 1740 1383 plerique

195 1397 237 1426 ut
253 1394 376 1435 opinor
392 1392 538 1431 eaelum,
557 1392 651 1434 quod
673 1397 714 1423 ut
733 1395 787 1423 est
806 1395 843 1424 et
864 1391 996 1423 dicitur
1018 1392 1224 1423 immensum
1245 1392 1358 1431 (uelut
1378 1401 1391 1424 Ι
1411 1393 1475 1425 330
1490 1392 1585 1434 rapit
1601 1393 1738 1424 immen-

193 1456 269 1478 sum
290 1444 410 1477 mundi
433 1443 629 1476 reuolubilis
653 1444 791 1482 orbem),
816 1444 867 1475 ita
890 1443 1109 1475 immensitas
1133 1443 1207 1475 eius
1231 1454 1263 1475 u.
1286 1444 1351 1475 215
1374 1444 1492 1485 aptius
1515 1443 1740 1486 praedicatur

277 1495 428 1527 206-210
459 1495 554 1528 Sext.
583 1506 670 1537 emp.
701 1496 785 1535 πρὸσ
810 1496 900 1535 ἀστρ.
929 1495 1011 1526 50-1
1041 1496 1126 1535 ἀρχὴ
1149 1496 1254 1526 τοίνυν
1283 1498 1335 1526 καὶ
1363 1497 1470 1535 ὥσπερ
1497 1497 1646 1534 θεμέλιοο·
1677 1498 1739 1534 τῆσ

193 1549 387 1586 Χαλδαϊκῆα·
410 1550 479 1579 ἐστι
501 1548 540 1578 τὸ
562 1549 680 1586 στῆσαι
704 1548 759 1578 τὸν
787 1547 984 1587 ὡροσκόπον·
1009 1547 1074 1577 ἀπὸ
1098 1549 1211 1577 τούτου
1234 1548 1298 1586 ’γὰρ
1322 1548 1363 1577 τὰ
1387 1548 1485 1578 λοιπὰ
1513 1549 1576 1578 τῶν
1603 1549 1739 1588 κέντρων

193 1601 406 1641 λαμβάνεται,
425 1600 466 1630 τά
485 1611 521 1630 τε
541 1600 745 1636 ἀποκλίματα
769 1600 821 1629 καὶ
846 1600 878 1629 αῖ
903 1599 1106 1638 ἑπαναφοραὶ
1129 1599 1169 1629 τά
1193 1610 1228 1629 τε
1251 1599 1390 1638 τρίγωνα
1415 1600 1466 1629 καὶ
1489 1600 1529 1629 τὰ
1552 1601 1739 1639 τετράγωνα

194 1654 246 1684 καὶ
262 1653 290 1683 οἱ
309 1651 379 1683 κατ’
396 1652 477 1682 αὐτὰ
498 1653 721 1690 σχηματισμοὶ
744 1651 807 1680 τῶν
830 1651 982 1690 ἀστέρων,
1002 1649 1065 1681 ἀπὸ
1089 1651 1122 1680 δὲ
1142 1651 1271 1681 πάντων
1290 1652 1409 1681 τούτων
1427 1652 1459 1681 αἱ
1475 1653 1736 1691 προαγορεύσεισ,

192 1704 264 1734 ὅθεν
292 1703 517 1743 ἀναιρεθέντοιν
539 1704 594 1732 τοῦ
619 1702 801 1742 ὡροσκόπου
827 1700 897 1732 κατ’
921 1702 1067 1740 ἀνάγκην
1093 1702 1163 1732 οὐδὲ
1190 1700 1225 1732 τό
1254 1703 1464 1741 μεσουρανοῦν
1491 1703 1578 1733 ἐστιν
1603 1701 1623 1740 ἦ
1648 1704 1739 1734 δῦνον

191 1753 212 1794 ἢ
243 1756 529 1794 ἀντιμεσουρανοῦν
559 1754 731 1793 γνώριμον·
762 1754 884 1783 τούτων
923 1754 956 1783 δὲ
997 1754 1328 1790 ἁκαταληπτουμένων
1365 1755 1613 1792 συναφανίζεται
1650 1755 1740 1785 πᾶσα

191 1805 211 1845 ἡ
241 1807 408 1844 Χαλδαϊκὴ
435 1806 583 1842 μέθοδοσ.
633 1815 754 1836 comm.
782 1804 875 1836 Ptol.
905 1807 988 1835 tetr.
1017 1814 1049 1845 p.
1078 1804 1121 1836 90
1151 1805 1324 1844 ἐπειδήπερ
1354 1805 1463 1845 πρώτη
1494 1806 1580 1845 ἁρχὴ
1611 1806 1740 1836 πάντων

193 1859 245 1889 καὶ
282 1858 352 1898 ῥίζα
390 1857 406 1888 ὁ
444 1857 631 1896 ὡροσκόποσ
668 1857 754 1896 παρὰ
792 1857 865 1886 τοῖσ
903 1857 1217 1893 ἁποτελεσματικοΐσ
1255 1856 1452 1894 ὀνομάζεται,
1486 1858 1598 1887 τούτου
1635 1858 1739 1888 τοίνυν

193 1909 414 1950 ἡμαρτημένου
452 1909 576 1947 ἀνάγκη
613 1909 720 1938 πάντα
755 1909 795 1938 τὰ
834 1908 921 1938 ἄλλα
960 1905 1045 1946 αὐτῷ
1082 1908 1393 1947 συναμαρτάνεσθαι,
1428 1909 1675 1947 κατωρθωμένου
1706 1910 1741 1940 δὲ

196 1958 504 2000 συγκατορθοῦσθαι.
559 1958 717 1990 Maneth.
753 1967 778 1989 v
813 1958 856 1992 27
894 1962 1059 1999 corrupte
1094 1960 1131 1996 ἣν
1164 1958 1191 1988 δ’
1223 1960 1286 1998 ὥρη
1318 1959 1474 1998 ψεύσηται
1510 1960 1740 1998 συνεξώλισθεν

198 2013 337 2043 ἅπαντα.
386 2021 456 2042 non
483 2010 664 2042 dissimilis
691 2009 787 2041 locus
818 2014 872 2041 est
904 2009 1005 2041 Lucr.
1036 2018 1077 2040 1v
1106 2009 1234 2041 513-21
1323 2008 1387 2040 206
1418 2012 1542 2041 subtili
1572 2010 1738 2052 Scaliger,

198 2066 263 2095 sub
293 2064 407 2094 stems
437 2062 528 2093 libri.
579 2061 763 2093 stellarum
794 2061 927 2092 mentio
957 2060 1072 2092 aliena
1104 2063 1167 2098 est,
1203 2071 1350 2102 quarum
1381 2061 1418 2092 in
1447 2061 1508 2100 eis,
1541 2071 1630 2103 quae
1662 2073 1742 2094 mox

199 2114 398 2152 tradentur,
424 2113 607 2155 horoscopi
630 2112 833 2144 inueniendi
857 2111 1057 2144 rationibus
1080 2112 1197 2144 nullae
1221 2115 1304 2144 sunt
1326 2116 1446 2153 partes
1459 2124 1468 2150 ;
1495 2117 1612 2144 mente
1635 2114 1740 2152 enim,

199 2177 269 2198 non
285 2166 406 2203 oculis,
425 2175 479 2196 res
495 2165 615 2205 agitur
701 2164 764 2195 207
784 2164 1031 2204 fundamenta.
1080 2164 1291 2205 horoscopus
1306 2164 1408 2204 βάσισ
1423 2164 1624 2206 appellatur
1643 2165 1738 2198 Paul.

200 2217 300 2249 Alex.
322 2216 357 2248 K
381 2217 412 2255 3,
432 2217 581 2254 θεμέλιοσ
598 2215 694 2248 Sext.
716 2226 804 2257 emp.
825 2215 876 2248 l.l.
894 2227 903 2253 ;
927 2215 1033 2246 Firm.
1054 2224 1083 2246 11
1111 2215 1149 2246 19
1170 2215 1191 2246 ‘2
1213 2225 1253 2246 ex
1274 2214 1333 2246 hoc
1354 2215 1424 2247 loco
1447 2216 1548 2247 tocius
1567 2216 1742 2256 qeniturae

193 2269 429 2310 ficndamenla
446 2272 629 2299 noscuntur
717 2277 773 2299 nec
790 2271 949 2299 consonat
965 2267 1059 2298 ordo.
1109 2275 1138 2297 11
1155 2267 1219 2297 522
1234 2266 1281 2298 sic
1297 2266 1371 2297 ueri
1382 2277 1448 2307 per
1463 2271 1568 2299 totum
1585 2274 1743 2301 consonat

200 2320 294 2352 ordo.
344 2318 439 2352 Sext.
460 2329 549 2361 emp.
571 2318 655 2359 πρόσ
671 2320 761 2359 ὰστρ.
782 2319 824 2350 53
846 2321 899 2350 ἐπὶ
922 2320 955 2349 δὲ
975 2318 1016 2358 τῇ
1039 2316 1183 2358 ἀναφορᾷ
1204 2316 1272 2356 (τοῦ
1294 2319 1418 2357 ζῳδίου)
1436 2320 1451 2350 ὁ
1472 2322 1743 2358 συσχηματισμὸσ

201 2374 264 2403 τῶν
289 2373 396 2403 ἄλλων
422 2372 574 2410 ἀστέρων,
601 2372 678 2411 ὅπερ
703 2371 838 2407 διάθεμα
862 2368 995 2401 καλοῦσι
1089 2368 1152 2399 208
1177 2369 1374 2401 cardinibus
1387 2369 1496 2410 falsis
1518 2369 1586 2402 abl.
1607 2370 1695 2410 abs„
1713 2372 1743 2403 si

202 2422 361 2455 cardines
378 2421 457 2453 falsi
475 2426 570 2460 sunt,
589 2424 630 2452 ut
652 2421 829 2452 intellexit
846 2420 1010 2452 Huetius.
1060 2420 1210 2461 August.
1231 2420 1296 2451 ciu.
1318 2420 1375 2451 dei
1396 2429 1421 2451 v
1441 2422 1461 2453 6
1482 2421 1745 2454 cons-cellationes

194 2474 274 2513 fieri
295 2473 452 2505 diuersas
473 2477 615 2513 propter
635 2473 811 2504 diuersum
835 2472 1056 2512 horoscopum
1079 2476 1108 2502 et
1132 2471 1170 2503 ob
1195 2471 1254 2503 hoc
1278 2471 1430 2503 diuersos
1452 2483 1563 2505 omnes
1586 2473 1744 2505 cardines

289 2527 351 2563 qui
381 2524 693 2566 Regiomontanus,
724 2533 791 2562 que
821 2526 890 2562 ΒΜ,
918 2532 1010 2561 quae
1040 2522 1104 2554 GL²
1190 2523 1388 2563 [luber-nanc.
1438 2523 1648 2566 horoscopus
1675 2525 1744 2563 οἴαξ

200 2576 400 2618 appellatur
427 2575 525 2607 Paul.
551 2575 652 2606 Alex.
677 2575 705 2606 L
731 2575 764 2613 2,
783 2585 905 2606 comm.
929 2574 1019 2606 Ptol.
1043 2578 1125 2605 tetr.
1149 2584 1183 2616 p.
1204 2575 1268 2612 99;
1302 2574 1403 2606 catal.
1428 2585 1552 2617 papyr.
1572 2575 1631 2607 Gr.
1652 2585 1738 2608 mus.

201 2627 290 2659 Brit.
311 2627 379 2658 uol.
401 2635 414 2658 1
439 2628 550 2665 (1893)
572 2637 651 2668 pap.
676 2637 766 2658 cxxx
790 2626 825 2658 ll.
852 2627 912 2658 165
937 2636 986 2667 sq.
1015 2626 1031 2657 ὁ
1056 2625 1083 2656 δ’
1112 2627 1180 2664 οἴαξ
1207 2627 1269 2656 τῶν
1297 2628 1379 2657 ὅλων
1406 2627 1592 2667 ὼροσκόποσ
1679 2626 1743 2658 209

199 2678 360 2711 mentitur
373 2678 517 2718 faciem,
542 2677 667 2709 falsam
691 2678 842 2720 speciem
865 2677 994 2716 induit,
1020 2675 1122 2709 Ouid.
1145 2681 1226 2708 met.
1248 2686 1272 2708 v
1295 2677 1358 2709 326
1381 2687 1413 2709 se
1436 2677 1584 2710 mentitis
1606 2688 1744 2719 superos

200 2731 320 2763 celasse
333 2728 474 2770 figuris,
494 2729 598 2771 Verg.
619 2728 696 2761 buc.
718 2738 758 2760 1v
777 2729 820 2760 42
838 2739 896 2760 nec
916 2728 1034 2760 uarios
1049 2727 1153 2760 discet
1170 2727 1307 2760 mentiri
1321 2728 1406 2760 lana
1422 2728 1546 2761 colores
1633 2729 1740 2770 oriyo,

200 2781 374 2824 genitura,
404 2782 515 2820 σχῆμα
545 2782 708 2820 ’γενέσεωσ-
795 2779 859 2810 210
889 2784 1054 2811 momento
1084 2780 1213 2820 templi,
1243 2779 1375 2822 templo
1406 2780 1480 2811 siue
1510 2780 1652 2812 cardine
1681 2791 1744 2813 sua.

197 2833 278 2866 sede
309 2835 404 2864 moto
491 2831 642 2863 211-217
673 2832 771 2865 Sext.
797 2842 887 2873 emp.
916 2830 1000 2871 πρὸσ
1028 2833 1118 2871 ἁστρ.
1147 2832 1190 2865 70
1217 2833 1332 2870 φθάνει
1363 2833 1495 2863 ἀλλοῖον
1522 2833 1674 2871 ’γενέσθαι
1705 2835 1742 2864 τὸ
