1877 3146
607 182 1092 226 ASTRONOMICON
1134 184 1209 225 ΙΙΙ
1626 187 1681 225 23

319 310 427 350 quae
446 310 619 350 surgens
638 295 862 350 siderisque
882 296 997 337 diem
1016 295 1252 351 perpendat
1273 302 1315 337 et
1335 295 1519 338 umbras.

320 370 422 410 haec
443 369 534 419 erit,
556 370 599 410 in
620 369 746 411 Libra
767 383 864 411 cum
883 370 1021 411 lucem
1040 370 1207 411 uincere
1226 376 1372 412 noctes

317 443 528 498 incipiunt
548 444 616 485 uel
636 457 734 485 cum
753 444 892 485 medio
912 444 1138 485 concedere
1156 458 1265 486 uere.

316 523 420 559 tunc
441 517 598 559 etenim
617 518 755 559 solum
775 518 839 559 bis
858 532 980 559 senas
998 523 1193 573 tempora
1213 518 1257 559 in
1277 518 1401 560 horas

191 598 261 630 255
317 605 453 646 aequa
472 597 636 646 patent,
659 592 798 633 medio
819 592 933 646 quod
953 592 1084 634 currit
1104 592 1301 633 Phoebus
1323 592 1516 647 Olympo.

315 665 349 706 is
370 679 468 706 cum
487 680 562 720 per
581 665 738 721 gelidas
759 665 916 707 hiemes
936 665 1160 708 submotus
1179 666 1222 707 in
1242 672 1409 708 austros

314 739 450 794 fulget
469 740 512 781 in
533 745 688 781 octaua
709 740 949 794 Capricorni
970 746 1092 795 parte
1111 740 1313 790 biformis,

314 820 418 855 tunc
439 820 621 869 angusta
640 814 728 856 dies
748 814 931 855 uernalis
950 813 1085 856 fertur
1104 814 1146 855 in
1166 815 1290 856 horas

315 887 536 928 dimidiam
555 894 686 942 atque
706 902 873 937 nouem,
895 887 969 929 sed
989 903 1075 929 nox
1095 888 1227 930 oblita
1247 888 1328 929 diei

189 968 258 1000 260
314 961 378 1003 bis
398 968 562 1017 septem
581 962 790 1017 apposita,
814 977 1012 1004 numerus
1032 977 1086 1004 ne
1105 963 1326 1013 claudicet,
1348 963 1450 1005 hora

314 1035 500 1077 dimidia.
559 1036 618 1078 sic
638 1036 681 1077 in
701 1036 919 1078 duodenas
939 1036 1026 1078 exit
1046 1037 1260 1092 utrimque

313 1116 356 1152 et
375 1110 486 1152 redit
505 1110 549 1151 in
568 1111 751 1152 solidum
770 1117 950 1152 naturae
969 1111 1141 1153 condita
1160 1126 1339 1153 summa.

312 1184 411 1226 inde
431 1185 590 1227 cadunt
610 1191 756 1227 noctes
776 1191 1039 1240 surguntque
1058 1186 1101 1226 in
1120 1191 1314 1240 tempora
1334 1186 1446 1227 luces

132 1374 322 1410 siderisque
339 1374 432 1404 diem
447 1373 480 1412 ·)(·,
499 1375 706 1411 signemque
722 1375 814 1404 diem
827 1377 944 1405 sedem
960 1373 1051 1413 libri,
1067 1374 1160 1416 quod
1174 1374 1286 1406 sidens
1301 1377 1382 1416 post
1397 1385 1535 1415 surqeus
1548 1375 1674 1406 omisso

133 1427 241 1465 atque
269 1424 304 1455 in
332 1424 488 1465 margine
515 1424 694 1466 adscripto
726 1424 859 1456 factum
884 1425 1028 1457 conicio.
1078 1425 1122 1457 ad
1153 1426 1309 1466 regulam
1339 1425 1557 1457 formandam
1588 1426 1674 1457 hora

132 1474 304 1516 exigenda
331 1478 385 1506 est
411 1485 500 1516 quae
528 1475 609 1507 hinc
636 1475 810 1517 surgendo
837 1475 934 1508 illinc
966 1476 1177 1508 subsidendo
1209 1477 1302 1508 diem
1332 1480 1539 1519 noctemque
1569 1477 1674 1510 libret

129 1532 238 1568 atque
272 1526 460 1558 examinet.
518 1527 622 1558 horae
656 1527 739 1558 dum
775 1531 878 1559 nocte
913 1531 1086 1566 crescunt,
1124 1528 1180 1560 die
1215 1528 1432 1568 decrescunt,
1469 1529 1672 1561 autumnale

131 1578 288 1610 efficiunt
312 1578 585 1620 aequinoctium,
617 1579 793 1610 conuersis
816 1579 953 1611 uicibus
977 1590 1134 1611 uernum.
1184 1590 1323 1620 sumens
1345 1580 1522 1621 sitiensque
1544 1583 1586 1613 ut
1608 1582 1673 1614 240

134 1630 267 1669 (horae)
291 1634 434 1670 suryunt
457 1641 641 1671 rursusque
664 1631 832 1668 recedunt,
860 1632 924 1664 263
947 1632 1074 1663 cadunt
1098 1637 1207 1663 noctes
1228 1637 1436 1673 surguntque
1459 1632 1496 1664 in
1521 1637 1674 1673 tempora

132 1682 230 1713 luces.
279 1681 461 1713 Bentleius
488 1682 546 1713 sub
573 1682 667 1713 lance
698 1682 770 1714 dies
795 1693 929 1723 aequa3
964 1687 1159 1714 ceterorum
1188 1687 1383 1715 commenta
1414 1684 1525 1715 multo
1555 1684 1674 1726 peiora

129 1737 226 1772 sunt,
257 1733 368 1772 uelut,
398 1733 491 1774 quod
522 1733 683 1775 pluribus
714 1733 858 1775 placuit,
892 1745 1086 1775 seffliemque
1117 1735 1204 1773 (cod.
1240 1734 1411 1774 Cusanus)
1442 1736 1531 1768 diem
1561 1746 1674 1777 seynes

132 1785 221 1823 (cod.
263 1784 361 1824 Par.)
450 1784 514 1815 254
549 1788 712 1823 tempora
749 1785 849 1817 codd.
892 1785 983 1818 Flor.
1026 1789 1062 1818 et
1100 1786 1215 1825 Bodi.‚
1254 1790 1413 1825 tempore
1451 1790 1545 1819 GLM.
1588 1788 1671 1819 solis

129 1836 363 1878 aequinoctiis
379 1836 506 1868 diurna
522 1842 762 1878 nocturnaque
780 1840 936 1879 tempora
953 1838 1003 1869 ita
1018 1838 1054 1868 in
1071 1837 1249 1870 duodenas
1266 1838 1368 1870 horas
1384 1842 1511 1880 patent
1522 1842 1563 1871 ut
1579 1840 1672 1871 inter

131 1899 167 1920 se
194 1888 294 1929 paria
319 1889 391 1919 sint
479 1887 542 1918 255
569 1889 680 1919 medio
707 1888 862 1929 Olympo,
893 1889 929 1920 in
957 1892 1146 1930 aequatore
1233 1889 1297 1921 256
1326 1892 1357 1921 is
1381 1893 1416 1929 G,
1444 1893 1500 1922 his
1526 1893 1584 1922 Lm

172 1942 305 1971 hiemes
330 1939 431 1971 Voss.
460 1940 498 1971 18
530 1939 671 1981 aliique,
701 1942 815 1971 hieme
847 1943 930 1972 GLM
1037 1945 1180 1973 austros
1210 1940 1375 1984 Scaliger,
1408 1945 1571 1974 austrum
1601 1942 1670 1974 iam

131 1991 443 2033 Regiomontanus,
473 1995 596 2023 austro
631 1991 705 2022 cod.
726 1991 897 2031 Venetus,
931 1995 1032 2024 astro
1063 1995 1147 2024 GLM
1236 1992 1298 2024 257
1330 1999 1461 2026 octaua.
1497 1995 1549 2025 ita
1578 2005 1670 2026 nunc

128 2043 229 2082 dicit,
248 2054 353 2085 quam
371 2043 587 2084 quorundam
605 2044 803 2085 opinionem
821 2053 894 2074 esse
911 2043 1020 2075 refert
1036 2055 1069 2075 u.
1090 2045 1164 2077 680.
1214 2050 1335 2076 contra
1357 2056 1445 2087 quae
1462 2056 1519 2077 uu.
1538 2046 1669 2080 278—93

129 2098 165 2126 et
193 2095 343 2127 395-436
366 2097 403 2126 et
427 2095 557 2126 443-82
582 2095 706 2133 tradit,
726 2105 766 2126 ea
788 2095 885 2126 nullo
908 2095 1010 2127 modo
1034 2106 1118 2127 uera
1141 2106 1214 2127 esse
1236 2100 1385 2138 possunt
1406 2097 1474 2129 nisi
1496 2098 1532 2129 in
1556 2098 1669 2139 prima

129 2147 305 2188 signorum
351 2149 453 2188 parte
498 2146 651 2178 solstitia
690 2152 726 2177 et
764 2146 985 2188 aequinoctia
1022 2146 1112 2179 fiunt
1214 2147 1276 2178 258
1313 2148 1476 2187 uernalis,
1516 2153 1669 2191 quantae

132 2197 353 2240 aequinoctio
377 2197 468 2229 fiunt
491 2208 600 2229 uerno
687 2198 751 2229 259
773 2199 877 2230 oblita
892 2199 962 2230 diez·
990 2201 1153 2241 ‘propter
1168 2199 1436 2241 longitudinem,
1454 2211 1544 2242 quae
1567 2204 1669 2233 tanta

128 2254 194 2287 est,
213 2253 254 2281 ut
270 2249 436 2281 uideatur
458 2260 528 2281 non
551 2249 750 2281 meminisse
767 2249 846 2288 diei,
864 2251 920 2282 cui
936 2250 1050 2282 locum
1066 2250 1172 2283 debet
1187 2251 1394 2283 concedere'
1418 2252 1572 2284 Huetius

171 2300 235 2332 260
249 2300 295 2332 ad
312 2300 360 2332 bis
376 2306 500 2341 septem
517 2302 731 2343 praepositio
747 2301 893 2333 auditur
909 2312 951 2333 ex
967 2303 1042 2341 258,
1061 2306 1103 2334 ut
1126 2311 1155 2333 11
1179 2303 1254 2341 493,
1273 2304 1348 2342 498,
1366 2303 1514 2335 fortasse
1533 2313 1573 2335 lv
1589 2305 1663 2344 705,

130 2353 240 2394 magis
263 2352 468 2384 notabiliter
492 2361 505 2383 1
532 2353 593 2385 193
690 2356 856 2391 apposita
879 2356 937 2392 GL,
959 2356 1122 2392 opposita
1137 2357 1171 2385 M
1262 2364 1305 2386 ne
1322 2358 1496 2387 claudicet
1517 2359 1606 2388 hora
1628 2359 1664 2395 G,

128 2414 192 2436 nec
221 2407 396 2435 claudicet
425 2406 530 2435 horta
560 2407 593 2442 L,
621 2407 823 2436 neclaudice
853 2408 941 2437 hora
965 2408 998 2436 M
1086 2416 1246 2438 numerus
1275 2415 1369 2437 xxrv
1398 2406 1573 2447 horarum,
1606 2408 1668 2450 qui

129 2455 374 2488 corrotundari
405 2455 509 2487 debet
598 2456 774 2495 claudicet,
816 2456 1042 2498 imperfectus
1079 2457 1139 2496 sit,
1172 2457 1292 2489 eadem
1329 2458 1560 2491 translatione
1597 2470 1667 2501 qua

129 2508 260 2540 dicitur
287 2508 350 2540 355
377 2507 544 2538 mensibus
571 2510 692 2549 ereptis
716 2508 818 2540 donec
843 2508 885 2540 sit
907 2508 1025 2540 debilis
1048 2519 1168 2541 annus.
1218 2510 1268 2540 ita
1291 2509 1369 2542 Ter.
1397 2510 1511 2543 Maur.
1538 2511 1666 2546 2376-9

131 2565 138 2579 ‘
146 2562 310 2604 phaselus
326 2560 381 2593 ille
398 2571 495 2602 quem
511 2561 646 2601 uidetis,
664 2562 819 2603 hospites,
839 2562 986 2595 Sabinus
998 2563 1005 2576 '
1020 2576 1026 2595 ε
1050 2565 1054 2604 1
1074 2564 1267 2605 quadratus
1286 2569 1322 2596 ut
1345 2565 1396 2604 sit,
1417 2570 1520 2606 parte
1535 2566 1578 2598 ab
1594 2566 1666 2599 ima

129 2613 348 2646 claudicat.
373 2612 377 2654 Ι
398 2613 462 2644 erit
484 2614 679 2654 quadratus
706 2614 846 2646 reddita
874 2615 1080 2647 nouissima:
1105 2615 1108 2656 Ι
1131 2616 1309 2656 ‘phaselus
1330 2616 1387 2648 ille
1410 2627 1507 2658 quem
1530 2617 1663 2657 uidetis,

129 2667 284 2708 hospites,
319 2666 467 2698 Sabinus
498 2666 565 2698 esc'
652 2667 715 2698 261
748 2670 893 2700 dimidia
924 2668 996 2706 (ΗΡ,
1030 2671 1195 2701 dimidias
1223 2673 1282 2701 LM
1312 2670 1385 2702 cod.
1406 2670 1566 2704 Venetus

170 2721 338 2757 utrinque
359 2717 432 2750 cod.
449 2718 619 2757 Venetus,
637 2723 817 2758 utrunque
833 2723 869 2758 G,
888 2723 1102 2758 utrumquae
1118 2720 1165 2760 L2,
1178 2724 1368 2754 utrumuae
1383 2725 1417 2762 L,
1432 2725 1619 2761 uirumque
1631 2727 1666 2756 Μ

213 2770 277 2801 262
299 2773 450 2801 naturae
466 2773 526 2809 GL,
544 2774 675 2802 natura
697 2774 731 2802 M
755 2771 902 2803 fortasse
925 2775 1044 2810 recte3
1068 2772 1218 2804 alterum
1241 2774 1270 2805 si
1294 2784 1416 2806 uerum
1439 2777 1502 2813 est,
1523 2775 1666 2807 datiuus

127 2825 191 2854 est.
241 2832 376 2853 summa
399 2821 562 2853 horarum
580 2830 619 2853 1x
637 2828 672 2853 et
689 2831 755 2854 xrv
771 2833 850 2854 cum
872 2822 1008 2855 duabus
1029 2823 1195 2862 dimidiis,
1214 2835 1319 2866 quam
1341 2825 1502 2858 condidit
1523 2830 1662 2866 natura,

128 2874 164 2906 in
180 2873 268 2905 duas
283 2881 339 2904 ΧΠ
357 2872 520 2904 horarum
537 2884 690 2905 summas
706 2873 820 2906 diuidi
836 2878 965 2916 potest,
985 2874 1112 2916 quibus
1128 2886 1247 2908 rursus
1264 2877 1459 2909 coniunctis
1475 2877 1607 2910 solidus
1623 2878 1665 2911 fit

127 2935 292 2957 numerus
312 2924 475 2956 horarum
497 2933 592 2956 xxlv
678 2924 742 2956 263
758 2925 795 2958 in
812 2931 976 2967 tempora,
995 2927 1047 2958 ita
1062 2931 1103 2958 ut
1117 2927 1197 2969 plus
1218 2929 1386 2971 temporis
1407 2933 1579 2971 occupent
