1877 3146
191 179 247 218 24
787 177 849 220 M.
882 177 1134 219 MANILII

370 290 503 332 donec
523 290 579 331 ad
597 290 785 333 ardentis
806 296 1050 346 pugnarunt
1069 290 1206 332 sidera
1226 289 1374 332 Cancri
1393 305 1402 339 ;

245 371 314 403 265
370 370 501 419 atque
520 364 579 405 ibi
600 365 811 406 conuersis
832 364 997 406 uicibus
1017 370 1241 406 mutantur
1259 364 1303 405 in
1323 364 1446 405 horas

370 438 586 488 brumalis,
609 444 862 493 noctemque
882 438 971 480 dies
990 439 1211 493 lucemque
1230 437 1430 480 tenebrae

370 512 592 554 hibernam
610 512 813 563 referunt,
834 513 1082 568 alternaque
1100 518 1293 567 tempora
1313 512 1502 553 uincunt.

372 589 502 639 [nunc
522 587 604 628 huc
624 601 738 628 nunc
758 587 856 628 illuc
877 587 1075 642 gradibus
1095 601 1169 642 per
1188 586 1324 628 sidera
1344 585 1467 627 certis

371 661 576 716 inpulsae,
599 676 781 716 quarum
800 661 910 704 ratio
930 661 1156 703 manifesta
1175 676 1249 716 per
1268 666 1405 703 artem

248 742 316 774 270
373 735 549 777 collecta
569 740 633 777 est
653 736 882 791 uenietque
900 750 977 777 suo
997 750 1072 791 per
1091 735 1277 777 carmina
1296 737 1454 787 textu]

372 815 504 864 atque
523 809 626 851 haec
647 815 711 852 est
731 810 822 852 illas
843 810 1016 852 demum
1036 825 1232 852 mensura
1252 824 1326 865 per
1345 823 1439 851 oras

373 898 478 938 quas
498 884 609 939 rigat
628 885 801 926 aestiuis
821 884 1020 940 grauidus
1040 884 1301 926 torrentibus
1321 883 1457 925 amnis

373 957 494 999 Nilus
515 963 557 999 et
577 973 799 1014 erumpens
819 959 1015 1001 imitatur
1033 958 1170 1000 sidera
1191 957 1338 999 mundi

374 1047 448 1087 per
466 1038 632 1088 septem
651 1033 795 1075 fauces
816 1038 947 1088 atque
967 1048 1040 1075 ora
1059 1033 1255 1089 fugantia
1273 1037 1465 1088 pontum.

250 1114 319 1145 275
429 1121 542 1148 nunc
562 1122 651 1162 age,
674 1113 780 1162 quot
799 1107 949 1149 stadiis
970 1113 1012 1149 et
1033 1113 1196 1162 quanto
1214 1113 1406 1162 tempore
1424 1110 1599 1161 surgant

373 1181 524 1232 sidera,
549 1187 740 1237 quotque
759 1182 929 1233 cadant,
952 1183 1094 1224 animo
1115 1196 1317 1237 cognosce
1335 1180 1487 1236 sagaci,

374 1270 427 1297 ne
447 1271 600 1311 magna
620 1257 664 1298 in
684 1256 884 1298 breuibus
904 1257 1068 1298 lateant
1088 1256 1338 1311 compendia
1358 1255 1494 1296 dictis.

376 1330 516 1372 nobile
536 1331 730 1387 Lanigeri
750 1331 878 1382 sidus,
902 1331 1016 1387 quod
1037 1336 1191 1373 cuncta
1210 1335 1428 1385 sequntur,

239 1526 304 1558 264
315 1532 529 1568 puynarzmt,
551 1530 559 1545 ‘
571 1529 738 1561 certando
754 1532 991 1571 peruenerunt
1002 1529 1009 1543 ’
1027 1529 1143 1571 Fayus
1159 1531 1265 1567 recte,
1281 1538 1359 1559 cum
1375 1526 1571 1559 aberrarint
1583 1525 1738 1567 Scaliger

196 1578 351 1610 Huetius
375 1578 567 1621 Pingraeus
654 1580 717 1611 265
744 1583 793 1612 ibi
814 1584 859 1619 M,
884 1583 946 1612 ubi
971 1583 1020 1612 GL
1109 1579 1277 1612 conuersis
1303 1579 1433 1611 uicibus
1456 1578 1541 1620 quid
1564 1576 1738 1620 significet

197 1630 357 1662 uersibus
388 1632 451 1663 266
481 1641 531 1673 sq.
561 1631 758 1673 explicatur
861 1633 963 1664 horas
994 1631 1169 1670 brumalis,
1201 1631 1396 1663 brumalem
1426 1630 1590 1661 horarum
1622 1629 1737 1671 aequi-

197 1681 403 1714 noctialium
426 1682 667 1724 partitionem,
693 1686 735 1715 ut
761 1683 842 1715 hinc
866 1692 906 1715 IX
922 1692 951 1722 s,
981 1683 1078 1715 illinc
1102 1691 1198 1715 XIVS
1222 1683 1294 1714 sint
1382 1681 1444 1713 267
1467 1692 1557 1723 quae
1580 1684 1739 1722 tempora

197 1734 311 1765 hieme
336 1734 579 1773 uincebantur,
600 1734 727 1766 diurna
749 1735 895 1774 scilicet,
915 1746 955 1766 ea
971 1738 1106 1767 aestate
1129 1735 1283 1766 uicissim
1301 1734 1458 1766 uincunt.
1506 1733 1571 1766 hoc
1594 1735 1740 1774 propter

198 1785 410 1817 Bechertum
437 1789 473 1817 et
500 1785 700 1818 Breiterum
727 1787 916 1818 dicendum
943 1790 1032 1825 erat,
1062 1787 1123 1828 qui
1147 1787 1340 1818 orationem
1368 1785 1419 1817 ita
1446 1784 1672 1826 distinguunt
1698 1787 1739 1815 ut

197 1836 388 1868 uideantur
411 1837 546 1868 alterna
568 1842 722 1878 tempora
744 1849 808 1880 pro
832 1839 1034 1870 accusatiuo
1057 1839 1225 1880 accipere,
1244 1839 1384 1869 uincunt
1407 1836 1452 1868 ad
1475 1835 1564 1867 illud
1587 1835 1739 1867 tenebrae

198 1888 329 1919 referre
344 1901 351 1920 ε
376 1899 458 1930 ergo
474 1888 640 1921 tenebrae
663 1889 728 1921 sub
747 1889 880 1922 Cancro
902 1890 1015 1922 lucem
1031 1891 1203 1921 uincunt?
1290 1887 1440 1919 268-270
1456 1887 1500 1919 ad
1516 1887 1608 1918 hunc
1625 1886 1739 1918 locum

197 1939 286 1971 nihil
317 1940 493 1981 pertinere
523 1944 560 1972 et
590 1941 703 1972 oratio
730 1941 898 1981 ostendit,
928 1952 998 1973 non
1025 1941 1237 1972 habentibus
1261 1950 1329 1982 quo
1353 1939 1552 1971 referantur
1577 1938 1739 1970 feminini

198 1992 335 2033 generis
362 1991 541 2023 uocabulis
569 1992 724 2033 inpulsae
751 2004 911 2034 quarum,
938 1996 974 2025 et
1001 1993 1201 2030 sententia3
1236 2002 1315 2023 nam
1339 1991 1414 2022 dies
1437 1993 1625 2032 noctesque
1647 2000 1740 2021 nunc

200 2042 268 2074 huc
300 2053 392 2074 nunc
423 2042 506 2074 illuc
537 2053 599 2085 per
629 2044 810 2075 zodiacum
841 2044 975 2086 impelli
999 2048 1072 2076 tam
1100 2043 1250 2075 absurde
1274 2043 1441 2074 dicuntur
1467 2052 1572 2082 quam
1598 2044 1681 2082 apte
1704 2044 1740 2072 et

199 2095 449 2126 conuenienter
471 2095 594 2127 stellae
618 2096 797 2134 erraticae,
818 2095 862 2127 de
885 2096 1011 2138 quibus
1035 2106 1071 2128 se
1093 2096 1268 2137 posterius
1292 2094 1556 2135 disputaturum
1579 2093 1742 2134 promisit

201 2145 307 2177 etiam
325 2154 354 2176 11
371 2146 446 2184 965,
466 2155 510 2177 111
530 2148 590 2179 156
607 2158 680 2189 sqq.
773 2147 924 2179 271-274
939 2151 1063 2189 poetae
1080 2157 1230 2178 errorem
1246 2146 1368 2177 notaui
1385 2145 1420 2176 in
1437 2144 1654 2186 praefatione

242 2195 304 2227 271
323 2199 378 2228 est
392 2199 475 2228 illas
491 2200 630 2229 demum
647 2198 720 2230 cod.
743 2199 833 2230 Flor.
855 2199 994 2240 aliique,
1010 2201 1074 2230 illa
1090 2201 1229 2230 demum
1242 2201 1297 2229 est
1312 2200 1372 2235 GL,
1390 2198 1455 2227 illa
1468 2199 1608 2227 demum
1620 2198 1654 2226 Μ

242 2256 322 2278 oras
346 2248 421 2279 cod.
449 2247 564 2280 Bentl.
595 2251 612 2280 δ
638 2249 780 2291 aliique,
808 2253 915 2281 horas
942 2253 1001 2288 GL,
1031 2253 1120 2281 hora
1146 2252 1179 2280 M
1282 2247 1346 2279 272
1373 2249 1545 2285 grauidus
1573 2245 1739 2288 Scaliger,

200 2301 370 2337 gradibus
386 2298 467 2330 libri
554 2300 618 2331 273
634 2300 750 2332 sidera
766 2301 898 2339 mundi,
921 2304 928 2317 ‘
941 2306 1073 2343 septem
1091 2300 1269 2342 planetas'
1294 2298 1457 2340 Scaliger,
1482 2298 1538 2329 cui
1559 2307 1742 2339 perperam

203 2349 374 2382 Huetium
391 2350 606 2393 refragatum
624 2363 697 2383 esse
718 2352 846 2394 probat
868 2353 993 2384 similis
1016 2353 1112 2384 locus
1136 2351 1258 2384 Claud.
1280 2350 1356 2382 Stil.
1378 2359 1423 2382 111
1449 2351 1511 2382 135
1533 2349 1639 2388 (urbi)
1655 2359 1742 2389 quae

199 2405 325 2441 septem
348 2402 494 2442 scopulis
519 2413 621 2434 zonas
647 2403 805 2434 imitatur
834 2403 981 2445 Olympi.
1035 2406 1124 2434 ‘non
1152 2402 1240 2434 dicit
1268 2401 1433 2433 Manilius
1460 2400 1583 2432 Nilum
1610 2399 1742 2431 imitari

202 2452 317 2484 sidera
340 2453 461 2485 mundi
484 2454 702 2495 simpliciter,
723 2455 783 2486 sed
807 2455 840 2486 in
864 2466 903 2486 eo
926 2456 1059 2486 imitari
1077 2454 1170 2496 quod
1191 2464 1254 2495 per
1275 2456 1410 2494 septem
1427 2452 1544 2483 fauces
1560 2451 1741 2492 erumpat'

203 2503 397 2545 Pingraeus
484 2505 548 2536 274
563 2514 626 2537 ora
641 2505 715 2545 GL2,
735 2517 799 2537 om.
821 2509 879 2537 LM
967 2505 1117 2537 275-300
1134 2505 1224 2537 ratio
1241 2505 1422 2545 horoscopi
1447 2504 1481 2534 in
1506 2502 1741 2534 Alexandriae

204 2555 323 2593 (immo
340 2555 470 2595 Rhodi)
488 2556 628 2588 climate
652 2557 854 2589 inueniendi
941 2557 1003 2589 275
1028 2562 1107 2598 quot
1130 2557 1262 2595 stadiis,
1289 2559 1375 2597 quot
1398 2554 1554 2586 dimidiis
1576 2553 1743 2595 gradibus

205 2605 326 2637 circuli
343 2607 608 2648 aequinoctialis
632 2609 736 2640 simul
759 2609 993 2651 surgentibus.
1042 2608 1202 2650 pluribus
1223 2618 1296 2639 rem
1313 2607 1457 2648 exposui
1473 2607 1508 2637 in
1525 2604 1742 2647 praefatione

291 2656 354 2687 276
378 2662 534 2696 quotque
557 2659 868 2700 Regiomont-anus,
888 2669 1027 2698 quoque
1048 2660 1129 2691 libri
1147 2664 1187 2691 ut
1206 2660 1278 2697 199,
1296 2662 1427 2697 quotue
1451 2657 1567 2698 Fayus
1590 2656 1740 2688 fortasse

203 2710 311 2745 reete,
331 2708 412 2739 uide
436 2709 481 2740 ad
503 2718 532 2740 11
555 2711 617 2743 713
641 2710 821 2743 adnotata.
880 2714 1040 2751 ‘quoque,
1066 2721 1189 2752 nempe
1213 2709 1388 2751 tempore’
1413 2709 1452 2740 F.
1478 2707 1613 2746 Iunius,
1642 2707 1737 2739 ‘scil.

203 2758 380 2799 tempore'
402 2759 601 2799 Stoeberus,
625 2764 632 2777 ‘
646 2762 700 2793 i.e.
722 2762 896 2804 tempore’
915 2761 1082 2793 Iacobus:
1101 2772 1142 2792 en
1156 2761 1341 2802 magistros
1359 2763 1364 2791 !
1411 2770 1480 2791 non
1493 2769 1557 2800 quo
1570 2761 1738 2800 tempore,

203 2808 240 2841 id
257 2812 311 2840 est
327 2810 479 2850 quando,
499 2811 626 2843 cadant
642 2812 759 2844 sidera
780 2816 842 2844 aut
863 2813 1045 2854 quaeritur
1066 2817 1128 2843 aut
1151 2811 1306 2849 docetur,
1327 2811 1387 2842 sed
1404 2815 1541 2851 quanto,
1561 2809 1629 2847 uel,
1648 2809 1741 2850 quod

204 2859 325 2891 eodem
357 2861 461 2900 redit,
495 2867 574 2902 quob
604 2863 729 2895 stadiis
824 2863 886 2895 277
923 2866 1062 2895 lateant
1093 2863 1251 2901 Iacobus,
1285 2865 1430 2894 careant
1468 2861 1560 2900 libri,
1593 2865 1741 2899 pereant

204 2912 385 2944 Bentleius
452 2914 662 2954 compendia,
697 2913 886 2953 commoda,
921 2914 1069 2953 fructus,
1104 2917 1144 2946 ut
1175 2923 1215 2945 IV
1248 2914 1286 2946 19
1318 2914 1448 2945 damna
1479 2918 1508 2945 ec
1539 2912 1742 2954 compendia
