1877 3146
181 164 235 202 44
776 162 838 204 M.
870 162 1122 205 MANILII

361 273 464 314 haec
483 273 553 314 uia
574 273 828 315 monstrabit
848 274 1086 316 stadiorum
1104 289 1259 330 ponere
1278 290 1465 318 summas

361 352 403 388 et
422 361 643 388 numerare
662 362 759 389 suos
780 353 899 390 ortus
918 363 992 403 per
1011 348 1148 390 sidera
1167 355 1333 392 cuncta.

361 421 474 476 quod
495 421 601 462 bene
620 435 719 462 cum
736 423 916 476 propriis
935 423 1061 464 simul
1080 424 1365 478 acceptaueris
1386 425 1509 474 horis,

234 503 304 534 440
360 495 402 536 in
422 495 538 536 nulla
557 495 675 537 fallet
695 496 862 552 regione
883 497 1138 552 horoscopus
1158 512 1374 553 umquam,

360 583 457 610 cum
476 574 678 624 poterunt
698 570 822 612 certis
842 572 1054 612 numerari
1073 571 1237 627 singula
1256 572 1374 628 signa

358 643 620 698 temporibus
639 650 761 699 parte
781 659 833 686 ex
851 645 922 686 illa
943 660 1073 700 quam
1093 646 1289 688 Phoebus
1310 646 1495 688 habebit.

415 732 540 767 nunc,
563 718 717 772 quibus
738 718 900 760 hiberni
920 720 1145 761 momentis
1164 735 1330 776 surgere
1350 735 1512 762 menses

362 791 567 846 incipiant
588 794 741 847 (neque
761 793 873 834 enim
893 793 1064 848 paribus
1084 809 1158 849 per
1176 794 1312 835 sidera
1332 800 1485 837 cuncta

237 874 306 905 445
361 865 598 921 procedunt
617 867 829 922 gradibus,
851 868 963 909 niuei
982 868 1086 910 dum
1105 869 1258 910 uellera
1277 868 1383 924 signi

361 941 612 996 contingant
632 956 817 996 aequum
836 942 948 984 luces
968 943 1159 998 cogentia
1180 948 1222 984 et
1241 943 1413 985 umbras

361 1014 468 1056 ferre
488 1015 663 1071 iugum),
686 1030 839 1071 magna
860 1022 923 1058 est
943 1017 1052 1058 ratio
1072 1017 1339 1072 breuiterque
1358 1017 1558 1059 docenda.

359 1089 565 1144 principio
585 1089 790 1145 capienda
808 1090 888 1132 tibi
909 1097 972 1133 est
993 1105 1188 1132 mensura
1207 1092 1289 1133 diei

360 1178 491 1218 quam
510 1163 730 1205 minimam
750 1165 1026 1219 Capricornus
1047 1166 1147 1221 agit,
1169 1166 1389 1221 noctisque
1408 1180 1482 1221 per
1502 1167 1624 1207 horas

235 1246 304 1277 450
360 1253 490 1293 quam
509 1253 721 1279 summam
740 1254 748 1288 ;
787 1239 986 1294 quodque
1006 1254 1030 1280 a
1051 1240 1162 1281 iusto
1181 1240 1443 1295 superauerit
1462 1240 1634 1290 umbris,

358 1312 616 1367 perdiderint
636 1313 760 1362 luces,
783 1313 870 1354 eius
890 1328 987 1368 pars
1007 1314 1133 1355 tertia
1152 1314 1270 1370 signo

175 1464 196 1484 a
234 1453 340 1484 Libra
378 1453 422 1484 ad
460 1452 619 1484 Arietem
657 1456 840 1495 augentur.
902 1458 996 1485 recte
1035 1454 1225 1496 Pingraeus
1327 1454 1390 1486 437
1425 1457 1638 1487 monstrabit
1674 1458 1711 1494 G,

175 1507 391 1537 monstrauit
416 1507 474 1536 ΒΜ
565 1503 629 1534 439
656 1505 758 1545 quod,
784 1515 888 1546 quam
916 1505 1088 1537 rationem
1186 1516 1261 1538 cum
1287 1506 1498 1548 praepositio
1522 1509 1588 1544 est,
1613 1506 1717 1538 simul

176 1557 388 1595 coniunctio,
407 1559 448 1588 ut
475 1565 520 1587 111
548 1556 621 1594 323,
642 1556 717 1594 370,
736 1566 760 1587 V
787 1558 873 1594 5493
911 1567 1023 1598 neque
1051 1557 1142 1589 enim
1170 1558 1227 1589 hic
1253 1561 1359 1599 poeta
1385 1558 1486 1590 simul
1510 1559 1611 1600 ponit
1634 1569 1713 1590 cum

175 1608 332 1640 ablatiuo
435 1612 610 1647 acceptare
637 1618 737 1639 nemo
765 1608 885 1640 eodem
914 1609 1014 1650 plane
1043 1619 1145 1640 sensu
1170 1620 1356 1651 usurpasse
1383 1609 1537 1649 uidetur,
1556 1612 1597 1641 ut
1621 1612 1714 1641 esset

173 1661 289 1692 animo
306 1663 489 1701 acceptum
505 1659 610 1700 figere
697 1659 760 1689 441
776 1659 841 1690 442
858 1660 939 1692 uide
960 1661 1101 1699 2218-24,
1120 1661 1272 1693 296-300
1359 1660 1510 1693 443-482
1526 1661 1714 1704 exponitur

175 1723 265 1754 quae
295 1712 367 1743 sint
389 1714 568 1742 menstrua
587 1710 723 1742 dierum
746 1711 963 1743 incrementa
986 1723 1006 1744 a
1030 1713 1164 1751 bruma,
1183 1723 1288 1754 quam
1311 1713 1347 1744 in
1370 1716 1495 1745 octaua
1510 1712 1715 1755 Capricorni

175 1767 275 1805 parte
307 1763 475 1794 Manilius
506 1762 694 1794 constituit
724 1773 757 1794 u.
787 1763 860 1802 257,
889 1774 992 1802 nunc,
1021 1765 1181 1805 quamuis
1212 1765 1332 1803 tacite,
1361 1765 1398 1795 in
1428 1765 1563 1806 prima;
1601 1775 1713 1806 neque

175 1816 266 1847 enim
283 1815 387 1846 aliter
403 1825 464 1856 per
480 1814 616 1856 singula
640 1815 739 1856 signa
762 1813 888 1846 fierent
911 1815 1135 1847 incrementa.
1185 1819 1340 1847 ceterum
1363 1816 1448 1847 haec
1469 1816 1514 1848 ad
1535 1816 1713 1847 inuenien-

174 1867 258 1898 dum
289 1867 517 1907 horoscopum
550 1866 638 1897 nihil
668 1866 846 1907 pertinere
876 1870 982 1908 poeta
1012 1878 1095 1908 prae
1127 1878 1278 1898 summas
1309 1867 1462 1909 ponendi
1493 1867 1713 1909 calculosque

174 1918 393 1950 subducendi
422 1928 539 1949 amore
570 1928 638 1949 non
669 1918 813 1949 uidetur
844 1919 992 1950 sensisse
1085 1918 1149 1949 443
1179 1929 1316 1959 suryere
1346 1930 1471 1951 menses
1501 1930 1580 1951 cum
1611 1919 1711 1958 dicit,

173 1969 348 2012 significat
379 1969 514 2000 dierum
544 1979 607 2010 per
632 1969 789 2010 singulos
820 1980 953 2001 menses
981 1970 1224 2008 accretionem,
1255 1970 1529 2002 deminutionem
1557 1971 1713 2002 noctium

267 2020 333 2051 444
355 2022 529 2058 incipiant
559 2019 633 2059 (ΗΡ,
659 2023 827 2058 incipiam
857 2024 914 2052 ΒΜ
1025 2021 1090 2051 444
1114 2021 1177 2052 445
1206 2021 1341 2053 Gemin.
1369 2022 1388 2054 6
1415 2022 1457 2054 29
1481 2024 1513 2053 αἱ
1540 2023 1648 2060 μέντοι
1675 2033 1715 2062 γε

174 2073 393 2113 παραυξήσεισ
409 2074 471 2103 τῶν
488 2071 610 2112 ἡμερῶν
630 2074 684 2103 καὶ
701 2074 764 2102 τῶν
787 2074 907 2103 νυκτῶν
932 2074 986 2103 οὔκ
1010 2074 1088 2104 εἰσιν
1107 2075 1139 2104 ἐν
1156 2074 1236 2103 πᾶσι
1254 2075 1326 2104 τοΐσ
1343 2075 1468 2112 ζῳδίοιο·
1483 2075 1560 2112 ἴσαι,
1579 2072 1709 2105 Cleom.

174 2134 187 2156 1
211 2125 231 2157 6
256 2125 324 2163 (27)
412 2123 476 2154 446
499 2125 709 2161 contingant
731 2127 777 2161 M,
801 2126 1011 2162 contingunt
1038 2127 1095 2155 GL.
1145 2127 1334 2166 utrumque
1360 2125 1520 2166 probum,
1540 2124 1600 2156 sed
1625 2124 1712 2156 illud

174 2176 312 2208 facilius
338 2176 373 2207 in
399 2175 462 2206 hoc
488 2175 667 2206 abiturum
694 2174 763 2206 fuit
787 2178 868 2216 post
887 2176 1078 2216 procedunt
1166 2179 1262 2207 luces
1287 2175 1386 2208 codd.
1416 2176 1506 2208 Flor.
1535 2179 1571 2208 et
1594 2176 1711 2215 Bodl.‚

171 2231 261 2259 lucis
285 2230 378 2265 GLM,
399 2230 439 2258 ut
463 2235 504 2258 IV
530 2228 590 2258 164
612 2229 692 2264 LM;
717 2226 928 2258 duodeciens
952 2226 1060 2258 ferme
1083 2227 1182 2265 luces,
1202 2230 1307 2268 atque
1330 2227 1382 2259 ita
1405 2227 1486 2259 libri
1510 2227 1715 2259 Lucreti-ani

174 2280 363 2311 Horatiani
387 2278 553 2311 Ouidiani
652 2277 717 2308 449
742 2281 847 2309 horas
872 2278 1037 2320 Scaliger,
1064 2282 1186 2310 horam
1211 2278 1303 2311 libri.
1352 2279 1437 2310 ordo
1462 2284 1516 2311 est
1542 2279 1713 2320 capienda

173 2336 218 2363 est
239 2342 304 2372 per
322 2332 424 2362 horas
445 2340 604 2362 mensura
621 2329 690 2361 diei
705 2330 874 2370 noctisque
962 2330 1026 2361 450
1050 2339 1231 2369 summam,
1253 2332 1453 2369 maximam,
1472 2333 1513 2363 ut
1536 2331 1599 2363 626
1622 2331 1712 2363 diem

172 2393 340 2415 summum
427 2385 589 2420 quodque
614 2390 636 2413 a
652 2383 684 2419 ⁹⁶,
705 2391 842 2420 quoque
867 2384 914 2414 ad.
940 2382 1022 2413 libri
1047 2393 1117 2413 una
1143 2382 1263 2414 littera
1291 2383 1439 2414 traiecta
1525 2385 1660 2414 umbris
1674 2383 1710 2422 ἦ,

172 2438 315 2466 umbras
330 2434 411 2465 libri
500 2443 629 2474 quoque
648 2433 695 2464 ab
714 2433 802 2464 iusto
818 2434 1032 2474 superauerit
1055 2433 1198 2465 umbra
1223 2434 1388 2476 Scaliger,
1407 2434 1528 2466 umbra
1543 2434 1713 2475 singulari

173 2497 317 2517 numero
344 2496 406 2527 pro
432 2488 534 2516 nocte
560 2495 628 2516 non
653 2488 748 2516 recte
773 2485 888 2526 posito
995 2484 1056 2515 451
1085 2487 1303 2523 perdiderint
1318 2486 1349 2524 x,
1377 2488 1577 2524 etrepident
1603 2489 1649 2525 M,
1674 2489 1712 2518 et

171 2539 351 2575 trepident.
369 2539 427 2574 GL,
448 2535 574 2567 mendo
595 2535 743 2567 fortasse
765 2547 806 2567 ex
826 2536 1048 2576 perdederi‘nc
1070 2536 1181 2568 forma
1201 2540 1289 2569 orto.
1339 2537 1542 2578 trepidandi
1563 2537 1710 2569 uerbum

172 2592 246 2620 tam
266 2588 366 2629 longe
389 2598 408 2618 a
432 2590 509 2619 tota
532 2587 600 2618 loci
623 2587 800 2619 sententia
824 2591 997 2619 remotum
1020 2590 1073 2619 est
1097 2591 1137 2619 ut
1160 2588 1313 2630 prodigii
1336 2589 1448 2620 simile
1472 2588 1637 2620 uideatur
1656 2591 1712 2620 tot

172 2640 325 2671 editores
350 2640 480 2680 partim
507 2638 729 2670 doctissimos
754 2638 791 2670 id
818 2639 908 2670 ferre
933 2640 1098 2680 potuisse.
1147 2639 1314 2671 iocularia
1337 2644 1420 2671 sunt
1444 2651 1532 2681 quae
1556 2639 1710 2682 Scaliger

172 2690 476 2732 interpretationis
503 2689 577 2721 loco
603 2690 767 2731 protulit,
790 2692 973 2730 ‘superare
997 2694 1033 2721 et
1057 2691 1234 2732 trepidare
1259 2691 1445 2728 contraria,
1467 2692 1634 2732 ὑπερέχειν
1659 2693 1711 2722 καὶ

173 2743 323 2783 ὑστερεῖν.
372 2752 451 2772 nam
478 2741 571 2782 quod
599 2741 729 2779 deficit,
756 2742 913 2782 trepidat
939 2752 959 2773 a
986 2752 1130 2774 summa.
1181 2742 1256 2774 dies
1282 2743 1393 2784 igitur
1417 2743 1549 2774 dicitur
1572 2753 1593 2774 a
1617 2743 1709 2774 iusto

171 2793 357 2835 trepidare,
377 2791 550 2833 quidquid
573 2792 737 2824 desciscit
760 2803 780 2823 a
802 2792 858 2824 die
882 2793 1172 2834 aequinoctiali’3
1195 2804 1406 2836 quamquam
1428 2805 1470 2826 ne
1490 2795 1552 2826 has
1568 2794 1709 2836 quidem

172 2855 283 2887 nugas
298 2846 399 2875 tanto
423 2854 526 2884 opere
545 2843 700 2875 admiror
721 2854 824 2885 quam
848 2844 986 2875 Bentlei
1009 2845 1198 2877 silentium.
1248 2856 1360 2887 neque
1379 2845 1595 2877 subiunctiui
1617 2845 1710 2878 modi

171 2907 260 2939 quae
276 2896 367 2927 ratio
383 2898 475 2927 esset
491 2895 674 2936 quisquam
692 2895 930 2937 quaerendum
953 2897 1108 2937 putauit,
1128 2896 1184 2928 cui
1200 2895 1311 2928 nihilo
1333 2897 1444 2939 magis
1465 2897 1501 2928 in
1520 2897 1585 2928 hoc
1607 2907 1711 2929 uersu
