1877 3146
640 82 1125 126 ASTRONOMICON
1166 82 1242 125 III
1653 84 1710 125 53

349 207 484 249 usque
502 193 609 236 adeo
628 194 841 250 permixta
860 193 956 236 fluit
974 207 1051 236 nec
1070 198 1291 249 permanet
1310 207 1504 249 usquam,

350 267 576 324 amisitque
595 268 723 310 fidem
741 268 948 310 uariando
967 273 1122 310 cuncta
1141 282 1215 323 per
1234 267 1384 310 omnis.

225 348 295 381 530
350 356 435 384 non
455 342 576 384 annis
596 342 696 384 anni
715 357 792 384 nec
812 356 976 384 menses
995 342 1210 384 mensibus
1228 355 1410 397 usquam

350 416 622 466 conueniunt,
643 431 772 472 seque
791 416 883 472 ipsa
902 416 992 458 dies
1011 416 1094 457 alia
1112 430 1247 471 usque
1265 415 1440 471 requirit

351 490 538 545 horaque
556 505 641 532 non
661 491 736 532 ulli
754 490 901 533 similis
920 489 1169 546 producitur
1188 490 1327 540 horae,

348 569 544 620 tempora
564 564 679 620 quod
698 564 875 615 distant,
896 564 1076 620 propriis
1094 564 1289 620 parentia
1306 564 1448 620 signis,

349 652 424 694 per
442 653 640 681 numeros
660 639 796 680 omnis
817 639 911 680 aeui
931 638 1067 681 diuisa
1086 638 1283 689 uolantis,

225 719 295 751 535
348 712 543 768 talesque
563 712 750 755 efficiunt
770 727 934 755 menses
953 727 1158 769 casusque
1177 712 1394 755 minantur

350 787 493 842 qualia
511 793 626 837 sunt,
649 802 830 842 quorum
848 787 1012 829 uicibus
1031 792 1127 830 tum
1146 786 1364 837 uertimur‚
1386 791 1502 829 astra

402 866 504 903 sunt
524 861 679 916 quibus
699 867 742 904 et
762 861 865 903 caeli
885 861 1054 917 placeat
1072 861 1283 903 nascentis
1303 861 1358 903 ab
1378 875 1476 903 orae

168 1002 277 1035 habet
292 1008 426 1036 cunctos
439 1015 448 1042 3
472 1014 561 1045 quae
577 1004 671 1036 enim
686 1003 858 1036 uariando
873 1008 1002 1037 cuncta.
1016 1015 1079 1047 per
1094 1004 1207 1037 omnis
1222 1004 1327 1037 fidem
1343 1004 1462 1038 amisit
1476 1005 1632 1045 fortuna,
1649 1007 1711 1038 uix

167 1064 250 1097 erga
265 1065 374 1087 unum
390 1059 497 1097 atque
512 1055 664 1087 alterum
681 1058 845 1088 constans
867 1059 921 1088 est
1008 1055 1072 1087 528
1094 1065 1246 1094 usquam
1268 1059 1305 1095 G,
1324 1065 1437 1094 usque
1459 1059 1529 1097 m,
1547 1056 1641 1100 quod
1657 1060 1712 1089 est

166 1106 203 1138 in
219 1117 342 1139 uersus
357 1107 461 1139 initio
478 1119 485 1139 ε
509 1106 598 1139 illud
620 1107 868 1139 commendant
889 1118 978 1149 quae
1000 1111 1167 1140 secuntur
1182 1108 1357 1140 uariando
1373 1113 1493 1140 cuncta
1504 1118 1570 1149 per
1589 1108 1707 1141 omnis.

166 1157 289 1190 eadem
304 1159 458 1190 mutatio
474 1159 539 1191 530
554 1162 591 1191 et
606 1158 688 1191 Val.
707 1159 759 1191 1⁰1.
780 1168 820 1190 vr
837 1159 902 1192 500
988 1158 1052 1190 530
1074 1161 1178 1191 annis
1198 1162 1244 1198 Μ,
1263 1167 1377 1191 annus
1401 1162 1451 1192 GL
1537 1163 1624 1193 anni
1638 1163 1708 1199 Lm,

165 1212 271 1241 annis
286 1208 351 1242 6ιῖ
437 1219 590 1249 usquam
611 1214 636 1242 G
652 1210 727 1242 cod.
744 1210 915 1250 Venetus,
933 1219 1046 1249 usque
1069 1213 1138 1247 Lm,
1186 1221 1332 1252 usquam
1352 1211 1537 1253 requirunt
1559 1212 1621 1244 illa
1643 1222 1711 1245 non

166 1261 229 1293 ulli
251 1261 317 1294 532
404 1261 466 1292 531
490 1264 564 1294 alia
586 1271 699 1301 usque
721 1261 902 1294 Garrodus
925 1262 962 1294 in
985 1261 1153 1295 Classical
1177 1262 1366 1305 Quarterly
1390 1273 1446 1295 an.
1471 1263 1554 1296 1908
1577 1274 1610 1306 p.
1636 1264 1710 1303 180,

166 1315 347 1352 aliumque
363 1315 458 1352 ΘΒΜ,
478 1314 571 1345 unde
586 1316 765 1351 aliamque
781 1313 857 1346 cod.
868 1313 1039 1353 Venetus,
1055 1317 1178 1346 contra
1193 1314 1264 1355 ipse
1280 1324 1344 1356 pro
1356 1313 1434 1355 ipsa
1450 1315 1525 1347 cod.
1539 1315 1711 1349 Cusanus.

166 1375 256 1406 quae
280 1367 463 1407 praeterea
488 1365 725 1404 coniecerunt,
752 1365 915 1407 relinquit
940 1365 1040 1398 codd.
1071 1376 1175 1404 recc.,
1203 1365 1323 1398 reuisit
1350 1366 1544 1406 Bentleius,
1571 1367 1716 1399 aliunde

166 1415 382 1459 Postgatius.
408 1418 606 1449 sententiae
629 1428 699 1449 non
723 1416 946 1459 opitulantur
1032 1419 1187 1456 requirit
1210 1416 1284 1456 GL2,
1302 1420 1462 1456 requiret
1477 1421 1535 1451 Lm
1623 1419 1711 1458 dies,

166 1478 276 1510 usque
298 1468 380 1508 alia,
399 1479 439 1501 ac
462 1469 561 1511 prius
583 1469 665 1508 fuit,
684 1469 789 1508 facta,
809 1479 846 1501 se
869 1469 946 1511 ipsa
966 1469 1117 1510 requirit
1138 1479 1203 1501 nec
1221 1472 1341 1511 potest
1363 1480 1575 1512 agnoscere3
1598 1470 1636 1503 id
1659 1473 1713 1503 est

165 1520 264 1552 nulla
286 1520 362 1552 dies
384 1520 611 1563 praecedenti
633 1520 757 1553 similis
781 1524 846 1553 est.
895 1520 1002 1552 Mart.
1020 1530 1049 1552 11
1066 1521 1108 1553 83
1125 1522 1187 1553 1-3
1200 1520 1357 1562 foedasti
1379 1521 1552 1562 miserum,
1574 1523 1711 1562 marite,

164 1572 349 1612 moechum,
374 1571 378 1613 Ι
398 1577 427 1604 et
443 1583 487 1611 se,
503 1573 715 1614 quisuerant
727 1572 841 1614 prius,
856 1572 1036 1613 requirnnt
1058 1571 1062 1613 Ι
1082 1572 1195 1605 trunci
1209 1573 1351 1605 naribus
1367 1573 1574 1615 auribusque
1588 1575 1710 1613 uoltus,

165 1623 260 1656 Petr.
277 1624 339 1656 119
355 1625 397 1656 24
412 1624 547 1666 quaerit
569 1635 602 1656 se
625 1629 754 1656 natura
779 1634 838 1656 nec
859 1623 988 1656 inuenit
1012 1624 1048 1656 in
1072 1624 1243 1664 eunucho,
1266 1624 1369 1658 Ouid.
1388 1625 1482 1657 trist.
1503 1635 1543 1658 IV
1558 1627 1578 1659 6
1593 1626 1636 1659 25
1657 1637 1708 1669 sq.

165 1675 297 1708 tristior
312 1680 358 1708 est
374 1675 478 1708 etiam
492 1686 653 1716 praesens
669 1686 837 1708 aerumna
848 1676 968 1717 priore
978 1686 993 1714 ,·
1014 1674 1019 1718 Ι
1038 1681 1075 1708 ut
1090 1675 1134 1708 sit
1150 1676 1240 1709 enim
1255 1676 1321 1709 sibi
1344 1677 1422 1716 (hoc
1443 1680 1498 1710 est
1518 1678 1627 1720 priori
1643 1678 1711 1717 illi>

160 1738 244 1768 par,
273 1728 380 1760 creuit
407 1732 437 1759 et
462 1733 566 1760 aucta
592 1738 691 1760 mora
718 1732 774 1760 est.
822 1738 893 1759 non
919 1727 1023 1769 plane
1047 1727 1210 1760 dissimili
1233 1728 1370 1760 ratione
1393 1728 1525 1761 dicitur
1547 1729 1644 1762 Man.
1671 1739 1712 1762 1v

161 1780 204 1813 69
220 1790 270 1822 sq.
290 1780 419 1812 subitae
435 1780 576 1812 ueniunt
592 1780 792 1813 ualidorum
806 1779 843 1811 in
860 1790 1006 1821 corpora
1026 1785 1149 1812 mortes
1167 1778 1172 1822 Ι
1193 1790 1291 1821 seque
1307 1781 1403 1821 ipsae
1424 1792 1547 1814 rursus
1561 1782 1710 1824 fuqiunt

251 1831 314 1863 532
329 1834 396 1864 ulli
412 1835 484 1871 GM,
502 1834 595 1864 nulli
609 1834 633 1863 L
721 1831 784 1863 533
801 1834 938 1864 distant
953 1831 1111 1871 Iacobus,
1131 1834 1264 1864 sistant
1280 1832 1371 1865 libri.
1421 1833 1553 1866 distant
1569 1834 1662 1867 inter
1674 1845 1712 1867 se

161 1893 201 1915 ac
218 1883 358 1916 diuersa
374 1887 469 1923 sunt,
487 1887 529 1916 ut
544 1894 634 1926 quae
651 1883 789 1926 singula.
810 1883 963 1925 propriis
982 1884 1091 1925 signis
1111 1887 1261 1925 pareant
1348 1884 1413 1915 534
1435 1896 1594 1918 numeros
1616 1887 1706 1926 aeui,

161 1938 280 1977 partes
296 1946 340 1967 ex
355 1936 484 1978 quibus
500 1946 627 1968 aeuum
643 1938 795 1974 constat,
814 1946 923 1968 annos
939 1946 1075 1967 menses
1091 1935 1166 1968 dies
1182 1935 1286 1968 horas
1375 1936 1437 1968 535
1453 1939 1637 1970 minantur
1648 1942 1708 1976 GL,

160 1989 368 2020 animantur
394 1991 428 2019 M
516 1998 643 2020 menses
667 1987 859 2019 absurdum
890 1997 965 2020 esse
995 1987 1156 2020 Bentleio
1186 1998 1305 2020 omnes
1335 1988 1608 2028 adsentiuntur3
1646 1991 1708 2023 sed

163 2038 297 2071 frustra.
335 2038 524 2072 Stoeberus
560 2044 696 2078 mentes,
734 2050 824 2082 quae
859 2039 980 2081 quales
1011 2039 1209 2071 efficiantur
1239 2042 1438 2082 temporum
1469 2040 1604 2074 domini
1638 2053 1708 2075 non

162 2090 367 2130 decernunt,
386 2102 450 2123 nec
473 2091 598 2123 melius
621 2101 730 2123 mores
753 2090 901 2123 Iacobus
918 2101 957 2122 ac
973 2101 1017 2122 ne
1033 2090 1216 2123 Bentleius
1237 2091 1380 2133 quidem
1396 2092 1483 2124 satis
1498 2099 1582 2135 apte
1602 2094 1704 2127 uires.

161 2142 324 2184 equidem
353 2142 447 2175 inter
472 2147 509 2175 nt
539 2146 577 2175 et
601 2153 658 2175 cas
689 2142 859 2174 excidisse
890 2143 1047 2184 suspicor
1077 2143 1205 2175 ui-tas:
1240 2143 1322 2175 uide
1349 2143 1419 2176 Cic.
1440 2144 1484 2176 de
1511 2144 1582 2177 diu.
1608 2154 1638 2178 11
1665 2147 1708 2179 89

160 2194 326 2226 actionem
337 2194 441 2234 uitae,
460 2205 558 2227 casus
573 2195 733 2236 cuiusque
755 2199 967 2235 euentusque,
985 2195 1027 2227 95
1047 2205 1113 2226 ww
1130 2199 1159 2226 et
1176 2195 1290 2227 eodem
1311 2195 1473 2236 temporis
1490 2201 1619 2238 puncto
1633 2198 1710 2230 nati

160 2246 341 2278 dissimiles
357 2251 386 2278 et
402 2251 549 2278 naturas
562 2251 590 2278 et
603 2246 695 2278 uitas
710 2251 740 2278 et
756 2257 853 2278 casus
869 2246 1003 2285 habent,
1018 2246 1116 2278 Man.
1131 2255 1177 2278 111
1193 2247 1258 2279 560
1273 2257 1323 2288 sq.
1339 2246 1411 2286 (ubi
1425 2247 1493 2280 huo
1505 2248 1706 2290 respicitur)

159 2297 271 2337 docui,
297 2308 359 2338 per
380 2297 517 2338 sinyula
541 2303 706 2339 tempora,
734 2298 846 2330 uitae
868 2297 872 2339 Ι
892 2298 983 2339 quod
1009 2298 1212 2339 quandoque
1238 2308 1342 2339 genus
1368 2299 1494 2332 ueniat.
1543 2300 1605 2332 sed
1630 2300 1706 2333 iure

159 2349 342 2382 Bentleius
365 2349 531 2381 aduersos
554 2352 695 2381 tantum
719 2360 821 2382 casus
845 2349 920 2390 (hos
943 2349 1036 2381 enim
1057 2349 1216 2381 minandi
1239 2349 1385 2381 uerbum
1409 2350 1599 2393 significat)
1615 2363 1704 2384 com-

159 2401 345 2433 memorari
374 2401 544 2438 miratum
584 2401 705 2443 itaque
736 2412 815 2433 cum
845 2401 881 2433 in
913 2401 988 2443 ipso
1019 2400 1182 2433 Palatino
1213 2400 1363 2443 Vergilii
1400 2412 1516 2446 georg.
1557 2412 1603 2436 111
1640 2405 1702 2437 541

158 2457 327 2484 natantur
345 2463 409 2494 pro
430 2457 624 2491 natantum,
644 2453 733 2485 Aen.
746 2462 787 2484 VI
802 2453 868 2486 ‘200
888 2457 1068 2494 sequentur
1087 2463 1151 2494 pro
1173 2458 1367 2494 sequentum
1387 2455 1560 2497 scriptum
1582 2455 1642 2495 sit,
1660 2467 1703 2488 ex

158 2504 382 2536 Matritensis
413 2504 564 2537 lectione
594 2504 806 2537 eliciendum
836 2505 970 2536 conicio
1000 2505 1150 2546 talesque
1188 2504 1331 2546 efficiunt
1368 2503 1505 2549 <uitas>
1541 2517 1703 2549 casusque

159 2556 230 2588 ani
239 2561 428 2588 mantum.
471 2565 532 2588 ‘IV
563 2556 627 2590 374
664 2567 714 2598 sq.
755 2555 793 2588 in
831 2561 903 2588 tam
932 2556 1048 2588 multis
1078 2555 1296 2588 animantum
1325 2556 1472 2597 mitibus,
1504 2569 1571 2591 uno
1592 2559 1598 2601 Ι
1616 2569 1704 2601 quae

157 2607 298 2640 ueniunt
320 2607 428 2649 signo,
454 2612 500 2639 tot
524 2612 612 2647 sunt,
639 2613 718 2650 quot
743 2618 900 2649 corpora,
918 2618 1038 2646 morse,
1058 2616 1087 2639 11
1104 2608 1168 2643 762
1187 2608 1224 2639 in
1242 2607 1311 2640 fine
1331 2608 1528 2643 hexametri
1542 2611 1703 2652 fundata

156 2660 324 2692 elementis
411 2659 562 2691 537-559
573 2659 686 2692 altera
698 2659 789 2692 ratio
877 2659 940 2692 537
953 2663 989 2692 et
1001 2659 1065 2692 GL²
1075 2659 1150 2692 cod.
1161 2660 1330 2700 Venetus,
1343 2671 1410 2694 om.
1422 2664 1481 2694 ΒΜ
1560 2665 1704 2702 placeat

155 2713 202 2750 Μ,
234 2714 360 2750 pateat
389 2713 439 2743 GL
526 2719 609 2743 orae
622 2711 656 2750 ἥ,
689 2713 797 2743 horae
826 2710 921 2750 libri,
953 2710 1014 2753 qui
1052 2711 1082 2743 ei
1120 2711 1214 2753 quod
1244 2714 1298 2744 est
1327 2722 1392 2745 ora
1425 2713 1701 2756 adspirationem

156 2765 380 2806 praeponunt
394 2772 409 2794 1
425 2763 500 2802 217,
519 2763 596 2802 238,
613 2764 689 2802 658,
707 2763 782 2802 724,
801 2772 848 2795 111
863 2763 938 2802 271,
957 2772 982 2795 v
997 2763 1074 2802 218,
1092 2763 1174 2798 375:
1197 2763 1318 2796 eadem
1334 2765 1486 2798 mutatio
1501 2766 1701 2799 adhibenda

155 2815 226 2847 crit
248 2825 353 2847 uersu
377 2816 452 2848 611.
500 2814 587 2847 ordo
609 2818 665 2847 est
687 2825 710 2847 α
733 2814 842 2847 sidere
864 2825 945 2848 orae
966 2814 1051 2848 caeli
1071 2815 1248 2855 nascentis,
1267 2815 1304 2848 id
1325 2819 1380 2849 est
1400 2827 1421 2849 a
1442 2817 1556 2850 sidere
1579 2818 1615 2850 in
1638 2828 1698 2852 ora
