1877 3146
625 94 1106 137 ASTRONOMICON
1152 94 1227 135 ΙΙΙ
1641 96 1695 134 65

207 213 276 244 645
332 219 422 246 esse
441 205 584 246 ferunt
604 203 716 245 luces
736 203 966 258 aequantia
985 203 1104 259 signa
1123 203 1318 245 tenebris.

333 293 517 334 namque
535 278 654 319 Aries
674 277 894 319 Phoebum
912 283 1176 333 repetentem
1193 278 1330 319 sidera
1350 277 1498 319 Cancri

333 353 444 394 inter
462 352 717 408 principium
735 352 897 393 reditus
918 352 1129 407 finemque
1149 357 1313 394 coercet

333 433 528 482 tempora
547 426 684 468 diuiso
704 427 880 482 iungens
900 427 1123 468 concordia
1144 427 1316 477 mundo,

334 502 629 556 conuertitque
647 501 761 542 uices
781 501 1030 556 uictumque
1050 516 1075 542 a
1094 501 1228 542 sidere
1248 501 1399 542 Librae

211 584 280 616 650
336 591 585 631 exsuperare
604 576 718 617 diem
736 575 855 616 iubet
875 580 918 616 et
938 575 1216 617 subcumbere
1236 580 1395 625 noctes,

335 651 486 692 aestiui
505 651 638 692 donee
657 650 833 691 ueniant
854 649 909 690 ad
928 650 1064 691 sidera
1085 650 1244 692 Cancri.

334 731 431 767 tum
449 725 634 780 primum
654 724 747 766 miti
767 724 940 780 pelagus
960 725 1245 766 consternitur
1263 725 1378 766 unda

337 805 380 841 et
399 800 539 841 uarios
559 799 691 841 audet
710 799 830 840 flores
851 799 1045 840 emittere
1063 799 1188 840 tellus
1207 815 1216 850 3

335 880 440 916 tuno
460 874 672 929 pecudum
691 874 996 928 uolucrumque
1016 888 1146 929 genus
1166 889 1240 929 per
1258 873 1417 928 pabula
1436 873 1548 914 laeta

213 957 282 988 655
337 949 380 990 in
400 964 597 990 uenerem
615 953 872 1003 partumque
892 948 990 999 ruit,
1012 953 1240 1003 totumque
1260 963 1414 989 canora

336 1038 440 1065 uoce
460 1038 609 1065 nemus
628 1023 816 1078 loquitur
835 1023 1113 1078 frondemque
1132 1023 1303 1064 uirescit
1323 1023 1366 1063 in
1386 1037 1566 1064 omnem.

337 1098 498 1139 uiribus
518 1098 563 1139 in
581 1103 755 1139 tantum
773 1097 880 1153 signi
900 1103 1054 1139 natura
1075 1103 1281 1139 mouetur.

392 1173 488 1214 huic
509 1187 562 1213 ex
581 1172 759 1213 aduerso
779 1172 904 1213 simili
925 1187 1022 1213 cum
1041 1178 1154 1214 sorte
1174 1172 1352 1228 refulget

158 1287 285 1315 effectu
304 1283 378 1315 cod.
399 1283 491 1314 Flor.
512 1285 548 1314 et
567 1282 720 1314 editores
737 1283 906 1324 plerique,
926 1283 969 1314 de
988 1294 1057 1324 quo
1074 1283 1155 1314 uide
1171 1283 1215 1314 ad
1233 1292 1245 1313 1
1263 1283 1325 1314 3⁶23
1342 1286 1378 1314 et
1394 1291 1422 1313 11
1439 1282 1502 1316 739
1518 1282 1696 1314 adnotata.

162 1343 190 1365 11
222 1335 285 1369 357
318 1334 479 1376 infectum
510 1334 583 1370 GL2,
612 1334 798 1375 ineffectum
825 1337 892 1366 LM,
948 1345 1047 1365 casus
1078 1334 1240 1365 mutandi
1271 1344 1410 1365 causam
1442 1333 1602 1365 idoneam
1633 1344 1702 1364 non

162 1386 279 1425 uideo,
313 1397 393 1417 nam
419 1386 585 1426 proxima
616 1386 652 1417 in
683 1386 831 1426 effectum
862 1387 961 1428 signa
992 1386 1163 1417 secundae
1195 1386 1384 1428 potestatis
1414 1385 1458 1416 ad
1490 1386 1704 1417 mutationes

160 1438 360 1470 efficiendas
376 1449 445 1469 non
462 1438 574 1469 multo
595 1438 698 1469 aliter
718 1438 885 1469 dicuntur
902 1442 1007 1479 atque
1027 1447 1055 1468 11
1075 1439 1135 1469 391
1155 1438 1320 1479 inb-nullas
1338 1462 1344 1468 .
1366 1462 1373 1469 .
1396 1462 1402 1469 .
1423 1437 1597 1468 commoda
1613 1437 1704 1469 uires

247 1493 375 1521 similis
405 1493 442 1528 G,
476 1492 586 1521 simili
616 1493 673 1521 LM
784 1489 845 1520 645
877 1493 1033 1521 tenebris
1065 1491 1387 1528 (ztebrisziebus)
1421 1488 1589 1520 Barthius
1620 1488 1700 1521 adu.

160 1552 194 1583 p.
220 1543 296 1581 465,
323 1544 446 1573 diebus
470 1541 564 1579 libri,
591 1552 659 1582 quo
683 1544 823 1572 seruato
848 1542 1002 1583 Scaliger
1025 1542 1113 1572 luces
1136 1543 1172 1572 in
1195 1546 1303 1573 nocte>-
1327 1541 1490 1572 mutauit.
1542 1540 1618 1572 tebit
1641 1551 1704 1582 pro

160 1593 279 1625 tenebit
303 1593 418 1625 scidae
441 1593 632 1624 Vaticanae
652 1593 757 1634 Verg.
779 1604 893 1635 georg.
915 1603 959 1624 111
986 1595 1035 1625 16.
1086 1593 1164 1625 Val.
1185 1593 1236 1624 Fl.
1258 1602 1297 1624 Iv
1319 1593 1379 1627 731
1407 1592 1521 1624 uernis
1544 1603 1620 1624 cum
1642 1593 1703 1624 lucc

160 1650 311 1686 aequata
328 1644 480 1683 tenebris,
500 1644 596 1676 Man.
617 1653 663 1675 111
683 1645 746 1677 266
766 1655 816 1686 sq.
836 1650 1026 1685 noctemque
1048 1645 1119 1676 dies
1139 1645 1310 1685 lucemque
1331 1644 1482 1675 tenebrae
1502 1642 1506 1685 Ι
1528 1643 1705 1675 hibernam

159 1697 324 1738 referient,
351 1697 416 1729 380
442 1697 529 1728 luce-3
556 1697 771 1737 tenebrasque
859 1696 921 1727 648
949 1696 1062 1728 cliui-so
1089 1697 1227 1734 mundo,
1254 1697 1289 1728 in
1320 1698 1509 1737 aequatore
1596 1695 1659 1726 649
1682 1705 1704 1727 a.

160 1752 274 1780 sidere
291 1751 336 1787 Μ,
351 1751 397 1780 ad
413 1751 531 1780 sidera
546 1751 595 1780 GL
612 1751 652 1779 ut
667 1749 743 1786 288,
759 1749 834 1786 478,
847 1748 996 1779 fortasse
1013 1759 1055 1779 ex
1071 1758 1175 1779 uersu
1188 1748 1248 1780 651
1338 1749 1451 1778 librae
1467 1747 1490 1769 ἦ
1509 1748 1700 1786 (zubrae)‚

162 1804 308 1832 brumae
338 1799 420 1831 libri
509 1799 690 1831 Bentleius
725 1800 793 1831 ‘acl
823 1799 938 1831 sidera
969 1800 1131 1832 brumae?
1168 1810 1236 1830 non
1268 1799 1374 1838 ultra,
1404 1802 1440 1829 et
1470 1798 1515 1829 ad
1546 1798 1703 1829 Arietem

162 1863 271 1894 usque
288 1853 444 1884 uincitur
460 1851 555 1884 dies?
600 1862 728 1893 repone
741 1852 849 1893 igitur
862 1862 940 1883 cum
954 1851 1124 1883 Vossiano
1141 1851 1332 1892 uictumque
1349 1862 1370 1882 a
1387 1850 1517 1882 sidere
1534 1850 1672 1882 brumae
1684 1850 1703 1889 ²,

162 1908 257 1936 recte
284 1904 476 1942 hactenus;
512 1903 573 1935 sed
602 1903 691 1935 illud
718 1904 861 1945 insuper
886 1903 1124 1945 quaerendum
1150 1906 1237 1941 erat,
1267 1905 1356 1934 ‘non
1381 1906 1474 1941 ante,
1496 1906 1532 1933 et
1559 1912 1580 1933 a
1600 1902 1706 1933 Libra

163 1967 272 1998 usque
289 1956 445 1988 uincitur
462 1955 589 1987 dies?’.
640 1957 688 1987 sio
706 1958 799 1987 certe
816 1955 964 1987 Manilio
988 1956 1102 1987 uisum
1126 1958 1191 1994 est,
1211 1964 1256 1986 111
1280 1955 1344 1986 252
1368 1965 1417 1996 sq.
1438 1954 1473 1985 in
1498 1954 1607 1985 Libra
1630 1964 1705 1985 cum

163 2008 269 2040 lucem
296 2007 430 2040 uincere
457 2012 567 2039 noctes
586 2008 590 2047 i
612 2007 792 2047 incipiunt,
819 2007 944 2039 659-61
971 2007 1103 2039 Libra.
1125 2032 1132 2038 .
1154 2033 1161 2039 .
1182 2007 1291 2038 uictas
1314 2016 1417 2047 usque
1441 2007 1489 2037 ad
1513 2016 1546 2037 se
1573 2005 1705 2037 uincere

162 2064 271 2092 noctes
290 2059 295 2100 Ι
316 2070 356 2091 ex
376 2059 454 2101 ipsa
475 2059 584 2091 iubet:
610 2070 630 2090 a
652 2059 776 2090 bruma
799 2059 912 2090 minor
936 2069 1009 2091 esse
1032 2059 1158 2101 incipit
1180 2060 1336 2090 noctium
1360 2058 1519 2096 uictoria,
1539 2057 1604 2089 263
1627 2057 1705 2089 inde

165 2114 199 2152 (a
221 2111 425 2154 Capricorni
448 2115 549 2153 parte
573 2113 659 2151 VIII)
686 2112 813 2143 cadzlnt
836 2116 945 2143 noctes
967 2116 1175 2152 suryuntque
1200 2110 1236 2142 in
1262 2115 1415 2150 tempora
1440 2110 1538 2148 luces,
1565 2110 1628 2144 478
1652 2119 1702 2150 sq.

165 2164 369 2196 descendunt
395 2168 504 2195 noctes
535 2174 557 2194 a
587 2163 696 2195 sidere
724 2163 863 2195 brumae
883 2163 888 2203 ί
909 2163 1138 2204 tollanturque
1171 2162 1254 2200 dies,
1284 2162 1374 2193 Plin.
1406 2161 1479 2193 n.h.
1511 2170 1609 2192 XVIII
1641 2160 1707 2193 220

165 2220 309 2256 auqetur
341 2215 429 2255 (lux)
461 2226 484 2246 a
510 2215 642 2253 bruma,
673 2215 737 2247 264
764 2226 868 2256 usque
899 2226 921 2246 a
950 2215 1071 2246 bruma
1095 2214 1211 2246 crescit
1239 2213 1319 2245 dies.
1377 2214 1496 2254 itaque
1527 2213 1707 2254 expectari

164 2268 284 2309 potuit
300 2277 369 2298 non
384 2266 512 2299 uictum
533 2266 594 2298 sed
619 2271 849 2307 auctumque
872 2277 895 2297 a
917 2266 1026 2297 sidere
1049 2265 1197 2304 brumae,
1217 2265 1283 2296 nisi
1300 2264 1428 2296 nictum
1444 2264 1530 2295 satis
1547 2266 1707 2294 tueretur

166 2329 288 2351 uersus
315 2319 379 2351 660
466 2318 528 2349 651
556 2321 603 2350 ad.
629 2321 748 2351 sidera
774 2321 834 2358 GL,
862 2328 884 2350 a
910 2321 1024 2350 sidere
1051 2321 1085 2349 M
1112 2318 1262 2349 fortasse
1290 2327 1331 2348 ex
1359 2316 1422 2348 649
1513 2314 1650 2353 Cancri,
1678 2315 1707 2346 is

166 2372 260 2403 enim
290 2373 433 2403 auctum
463 2371 600 2402 dierum
631 2374 860 2409 consummat,
892 2374 998 2412 atque
1030 2370 1080 2401 ita
1111 2369 1218 2401 Mart.
1248 2368 1331 2410 Cap.
1363 2376 1434 2399 VIII
1465 2367 1528 2401 875
1559 2377 1634 2398 eum
1664 2367 1707 2398 ab

167 2422 378 2464 aequinoctio
399 2433 504 2454 uerno
524 2422 561 2454 in
586 2421 760 2454 Cancrum
783 2423 831 2454 sol
854 2427 954 2461 meat,
974 2432 1084 2453 omnes
1108 2421 1179 2453 dies
1201 2420 1348 2452 maiores
1364 2424 1440 2452 sunt
1460 2417 1610 2450 noctibus
1625 2419 1706 2456 suis,

167 2475 236 2507 etsi
251 2474 345 2506 idem
364 2485 433 2506 non
454 2474 569 2506 minus
592 2484 713 2506 uerum
733 2478 787 2506 est
807 2474 850 2506 de
871 2474 942 2506 sole
965 2485 985 2505 a
1009 2473 1142 2506 Cancro
1165 2473 1202 2504 in
1226 2471 1427 2504 autumnale
1450 2471 1709 2512 aequinoctium

169 2528 306 2558 meante
393 2525 544 2569 652-‚656
563 2525 666 2558 Lucr.
686 2535 700 2557 I
724 2526 811 2558 6-20
898 2525 961 2556 655
985 2536 1140 2557 uenerem
1158 2529 1378 2566 partumque,
1397 2523 1457 2565 qui
1481 2533 1559 2554 cum
1583 2532 1710 2553 uenere

169 2579 376 2610 coniunctus
392 2581 458 2617 est,
477 2577 579 2610 Lucr.
601 2587 614 2609 I
633 2579 672 2610 19
688 2589 738 2620 sq.
760 2578 912 2610 omnibus
934 2577 1098 2609 incutiens
1118 2577 1281 2608 blandum
1300 2586 1365 2616 per
1384 2579 1523 2615 pectora
1539 2584 1689 2606 amorem
1705 2573 1709 2616 Ι

169 2630 268 2672 efficis
283 2634 319 2661 ut
335 2629 457 2670 cupide
472 2629 659 2670 qeneratim
675 2630 786 2661 saecla
801 2634 991 2670 propayent
1079 2628 1143 2659 656
1155 2628 1316 2669 loquitur,
1336 2627 1430 2658 Petr.
1454 2627 1514 2658 120
1526 2627 1568 2660 72
1581 2636 1630 2667 sq.
1644 2636 1711 2657 non

168 2692 273 2714 uerno
293 2691 440 2722 persona
461 2686 564 2713 cantu
582 2682 586 2721 l
607 2681 725 2713 mollia
749 2681 901 2713 discordi
925 2681 1035 2713 sonitu
1062 2680 1216 2721 uirqutca
1238 2681 1404 2718 locuntur,
1427 2678 1533 2720 Verg.
1557 2678 1644 2709 Aen.
1671 2686 1711 2709 xl

169 2735 233 2766 458
249 2734 335 2765 dant
349 2733 496 2765 sonitum
512 2732 612 2764 rauci
622 2744 688 2773 per
703 2738 826 2773 stayna
841 2733 1001 2774 loquacia
1017 2733 1112 2774 cycni
1199 2732 1262 2763 657
1285 2734 1380 2769 sig-ni
1399 2731 1709 2772 Regiomontanus,

170 2787 282 2824 signis
305 2787 373 2823 LM,
408 2787 527 2821 segnis
552 2787 578 2816 G
601 2784 745 2824 frustra,
773 2785 904 2817 uiribus
929 2785 1022 2816 enim
1046 2784 1209 2826 genetiuo
1240 2783 1398 2825 indigere
1428 2782 1537 2813 sensit
1568 2781 1716 2812 Iacobus

258 2837 295 2868 in
318 2841 451 2868 tantum
474 2845 513 2868 IV
537 2837 612 2875 838,
638 2846 662 2868 v
686 2838 761 2875 599,
789 2837 825 2869 in
848 2842 1013 2878 quantum
1037 2846 1082 2868 111
1105 2837 1170 2868 249
1257 2835 1320 2867 658
1343 2837 1426 2868 huic
1448 2837 1517 2873 LM,
1543 2835 1624 2864 hinc
1647 2836 1672 2865 G

937 2889 959 2914 E
