1877 3146
215 159 269 197 36
810 156 871 198 M.
904 155 1157 197 MANILII

392 271 436 307 et
454 265 576 307 dabit
595 265 637 307 in
657 279 838 320 pronum
857 265 976 306 laxas
996 265 1153 306 effusus
1173 265 1373 316 habenas,

392 354 465 395 per
483 339 666 381 totidem
685 353 849 381 menses
868 339 1013 394 iunget
1032 354 1119 380 nox
1137 354 1223 381 una
1242 339 1438 381 tenebras

390 414 550 455 uertice
566 412 645 455 sub
666 413 780 455 caeli.
839 428 940 454 nam
960 413 1149 468 quisquis
1168 418 1336 468 spectat
1355 413 1410 455 ab
1429 428 1503 456 axe

266 495 334 527 375
390 487 613 529 dimidium
633 502 685 529 ex
702 493 798 529 toto
818 487 964 529 mundi
985 487 1103 529 uidet
1123 487 1224 529 orbe
1242 488 1428 538 rotundi,

389 576 486 617 pars
505 562 612 603 latet
631 561 801 603 inferior
818 576 828 612 ;
861 576 998 616 neque
1018 562 1130 603 enim
1149 562 1427 604 circumuenit
1446 562 1565 604 illum

388 642 504 678 recta
523 635 645 686 acies,
668 636 891 691 mediaque
909 642 1034 678 tenus
1055 636 1329 691 distinguitur
1348 636 1457 678 aluo.

390 710 538 766 effugit
558 725 654 765 ergo
675 710 817 752 oculos
836 725 1003 752 summo
1022 710 1254 765 spectantis
1275 710 1329 752 ab
1349 711 1450 752 orbe

388 785 492 826 dum
510 799 585 826 sex
603 784 830 826 submersis
849 790 1045 826 uectatur
1064 784 1260 826 Phoebus
1280 785 1323 826 in
1343 785 1480 835 astris,

265 866 333 898 380
390 858 650 914 abducitque
668 859 793 900 simul
812 859 926 901 luces
944 859 1227 913 tenebrasque
1246 859 1446 914 relinquit

209 987 297 1019 Stat.
316 987 423 1019 Theb.
444 996 500 1018 VII
523 988 588 1020 430
610 999 659 1029 sq.
682 987 927 1028 Hippomedon
950 998 1073 1028 mayno
1097 998 1173 1019 cum
1192 987 1372 1028 ιΐναφηὶηο
1395 987 1494 1028 ripae
1514 987 1518 1029 Ι
1540 991 1752 1019 cunctantem

207 1039 326 1071 deiecit
353 1049 476 1080 equum
502 1040 572 1078 (cui
599 1039 801 1078 insidebat),
829 1039 911 1070 Luc.
939 1048 979 1070 IV
1003 1040 1067 1073 744
1094 1050 1143 1081 sq.
1172 1039 1226 1071 ille
1244 1039 1374 1079 fussam
1399 1039 1546 1077 credens,
1571 1038 1752 1071 simulatae

208 1091 337 1122 nescius
364 1090 462 1129 artis,
486 1090 490 1131 l
512 1096 547 1122 ut
574 1091 695 1129 uictor,
721 1101 845 1123 mersos
872 1090 980 1122 aciem
1005 1092 1174 1129 (suorum)
1199 1090 1316 1122 deiecit
1341 1090 1378 1122 in
1402 1101 1525 1131 ayros;
1549 1101 1635 1132 quos
1658 1090 1752 1121 locos

209 1142 238 1174 si
269 1143 347 1184 quis
381 1142 417 1173 in
448 1142 538 1173 thes.
566 1142 650 1184 ling.
679 1143 756 1174 Lat.
787 1143 989 1184 quaesierit,
1023 1142 1182 1174 inueniet
1213 1142 1271 1173 ille
1302 1142 1457 1183 quidem,
1491 1142 1628 1173 inuenit
1658 1142 1750 1173 enim

208 1193 361 1226 Cadmus
386 1194 543 1225 Penthea
568 1198 605 1225 et
629 1195 758 1226 Aeetes
783 1195 991 1235 Apsyrtum,
1019 1204 1141 1225 uerum
1167 1204 1188 1225 a
1212 1193 1441 1225 Gudemanno
1467 1193 1655 1225 distractos
1682 1192 1751 1224 dis-

208 1255 396 1287 persosque
421 1249 458 1277 et
483 1245 644 1277 omnibus
670 1245 891 1277 alienissimis
915 1245 1104 1276 immixtos.
1155 1245 1215 1276 sed
1239 1245 1488 1286 deiecto-cursu
1511 1244 1659 1276 fortasse
1681 1255 1753 1276 non

208 1297 323 1329 minus
351 1300 447 1328 recte
473 1297 605 1328 dicitur
632 1308 735 1339 quam
760 1297 866 1338 Verg.
894 1296 981 1328 Aen.
1010 1305 1034 1327 Χ
1062 1296 1126 1330 870
1152 1296 1199 1328 sic
1226 1307 1362 1328 cursum
1388 1297 1425 1327 in
1451 1296 1578 1328 medios
1603 1296 1752 1337 rapidus

208 1349 314 1387 dedit,
333 1349 411 1380 qu.
432 1357 483 1379 xv
507 1349 547 1382 77
571 1359 621 1390 sq.
643 1359 780 1381 cursum
799 1351 803 1389 Ι
819 1348 1058 1389 praecipitans
1147 1347 1209 1379 373
1235 1347 1299 1379 374
1324 1348 1547 1389 interpunxit
1569 1347 1752 1379 Bentleius

295 1400 358 1431 373
385 1404 551 1432 tenebras
579 1400 677 1432 codd.
702 1400 794 1431 Flor.
821 1406 857 1431 et
884 1399 1000 1438 Bodl.,
1022 1401 1178 1431 tenebris
1205 1403 1298 1431 GLM.
1348 1399 1459 1439 iunyet
1487 1399 1650 1438 tenebras,
1668 1399 1751 1431 uide

209 1453 283 1490 354,
317 1451 392 1490 366,
426 1451 508 1483 Luc.
544 1460 584 1482 1v
620 1453 682 1484 104
715 1462 764 1493 sq.
799 1462 915 1483 rerum
946 1450 1149 1482 discrimina
1179 1450 1315 1492 miscet}
1337 1450 1500 1491 deformis
1531 1450 1616 1483 caeli
1636 1450 1752 1491 facies

209 1503 407 1544 iunctaeque
439 1503 591 1534 tenebrae
710 1502 774 1534 374
803 1512 869 1534 axe
900 1502 1093 1540 Bentleius,
1123 1505 1218 1534 omni
1249 1502 1341 1540 libri,
1370 1513 1448 1534 cum
1478 1501 1593 1534 scriba
1622 1502 1666 1533 ab
1696 1501 1751 1534 his

209 1554 368 1586 uersibus
399 1554 464 1586 374
494 1564 544 1595 sq.
575 1554 611 1585 in
644 1554 685 1585 ab
716 1564 780 1586 axe
812 1558 848 1586 et
878 1553 1018 1586 rotundi
1052 1553 1263 1585 exeuntibus
1293 1553 1338 1585 ad
1369 1554 1431 1589 327
1459 1564 1509 1595 sq.
1540 1553 1749 1593 aberrasset,

209 1617 357 1648 quorum
376 1606 493 1637 exitus
514 1609 598 1637 sunt
621 1605 662 1637 ab
687 1607 777 1637 omni
801 1609 836 1637 et
860 1605 1053 1637 rotundum.
1103 1616 1183 1636 nam
1208 1605 1302 1646 quod
1326 1605 1530 1647 Postgatius
1553 1605 1631 1637 silu.
1652 1605 1748 1637 Man.

209 1668 267 1700 pp.
288 1658 329 1691 27
346 1668 395 1699 sq.
417 1657 538 1696 suasit,
559 1660 600 1689 ut
615 1657 751 1689 ultimis
774 1668 938 1689 uersuum
960 1658 1023 1691 374
1045 1660 1079 1688 et
1101 1657 1165 1691 376
1187 1657 1368 1688 uocabulis
1385 1657 1609 1698 transpositis
1625 1662 1752 1698 spectat

210 1710 252 1740 ab
276 1709 347 1741 illo
370 1712 407 1741 et
428 1719 508 1740 mox
530 1708 752 1740 circumuenit
774 1719 923 1740 omnem
946 1708 1169 1747 scriberetur,
1188 1708 1225 1739 id
1240 1711 1428 1750 propterea
1449 1708 1576 1740 falsum
1593 1711 1647 1740 est
1669 1709 1752 1750 quia

211 1771 322 1802 neque
338 1771 359 1792 a
375 1760 462 1792 caeli
478 1761 611 1791 uertice
634 1761 819 1802 quisquam
843 1765 1001 1801 spectare
1025 1763 1143 1801 potest
1165 1770 1288 1801 neque,
1308 1760 1338 1791 si
1361 1763 1549 1801 spectaret,
1567 1759 1752 1791 dimidium

211 1815 353 1843 tantum
375 1811 545 1843 mundum
567 1811 707 1843 uideret
730 1811 791 1843 sed
814 1816 910 1843 terra
933 1811 1056 1853 puncti
1080 1811 1191 1842 uicem
1216 1811 1399 1842 obtinente
1423 1816 1547 1843 totum.
1595 1811 1638 1843 ab
1662 1811 1754 1843 omni

212 1874 254 1895 ne
271 1863 463 1895 Bechertus
480 1863 621 1905 quidem
640 1867 703 1894 aut
724 1863 906 1894 Breiterus
929 1863 1100 1894 tuendum
1125 1863 1285 1904 suscipit,
1304 1863 1366 1894 sed
1389 1863 1550 1902 Iacobus,
1568 1873 1643 1894 esse
1658 1863 1753 1894 enim

212 1926 235 1946 a
251 1925 455 1956 quocumque
472 1915 542 1946 loco
644 1913 706 1945 375
729 1923 771 1945 ex
790 1914 865 1945 cod.
882 1914 1051 1952 Venetus,
1070 1917 1107 1945 et
1127 1916 1212 1945 ΘΒΜ
1313 1917 1435 1945 mundi
1451 1913 1654 1956 Postgatius
1669 1914 1748 1946 silu.

213 1967 308 1998 Man.
339 1977 371 2008 p.
399 1967 452 2005 28,
482 1969 652 1998 mundum
682 1966 775 2004 libri,
805 1971 939 1997 tantum
969 1965 1163 2003 Bentleius‚
1192 1970 1233 1996 ut
1263 1966 1404 1997 rotundi
1433 1976 1497 2007 pro
1528 1965 1753 1998 substantiuo

212 2022 313 2050 esset.
363 2017 449 2049 ordo
481 2021 534 2049 est
565 2017 751 2049 dimidium
781 2027 822 2049 ea·
853 2022 919 2048 toto
950 2016 1090 2048 rotundi
1119 2016 1242 2048 mundi
1272 2016 1348 2048 orbe
1436 2016 1498 2047 377
1529 2019 1644 2048 media
1674 2015 1748 2056 (3122,

212 2073 364 2102 mediam
379 2072 437 2101 ΒΜ
525 2071 760 2107 distinguitur
775 2072 835 2108 GL,
854 2071 1100 2106 descinguitur
1115 2071 1158 2099 M.
1208 2067 1399 2109 distinguit
1415 2067 1568 2099 medium
1581 2067 1751 2100 mundum

213 2121 366 2160 horizon,
385 2121 477 2152 sicut
498 2129 511 2151 1
531 2121 596 2152 580
616 2121 652 2152 in
669 2124 858 2162 aequatore
878 2121 1016 2162 positus
1039 2119 1090 2151 sol
1113 2119 1263 2151 medium
1285 2119 1424 2160 aequati
1447 2119 1626 2159 distinquit
1648 2120 1754 2152 limite

213 2174 353 2205 caelum.
402 2172 463 2204 sed
479 2182 569 2214 quae
585 2182 639 2203 res
655 2172 769 2203 media
786 2173 866 2204 alico
883 2177 977 2204 tenus
992 2172 1130 2213 patitur
1143 2171 1289 2212 aliquid,
1305 2181 1356 2209 ea,
1372 2172 1402 2202 si
1418 2171 1550 2203 usitate
1565 2171 1753 2213 loquimur,

213 2235 322 2266 usque
353 2223 397 2255 ad
428 2223 578 2255 mediam
612 2223 731 2255 aluum
763 2223 799 2254 id
831 2223 970 2265 patitur
1000 2227 1037 2254 et
1067 2222 1149 2254 inde
1179 2222 1253 2264 pati
1285 2222 1427 2261 desinit,
1460 2222 1754 2264 quemadmodum

213 2275 361 2307 Ouidius
385 2275 477 2307 dixit
501 2278 583 2306 met.
609 2283 677 2306 xlv
699 2275 741 2307 59
764 2274 943 2315 mediaque
967 2279 1061 2306 tenus
1087 2274 1305 2306 descenderat
1329 2274 1420 2312 aluo,
1444 2284 1485 2305 eo
1509 2284 1618 2316 usque
1640 2284 1754 2316 neque

213 2327 319 2366 ultra,
338 2335 410 2358 xnl
432 2327 496 2358 892
511 2326 627 2358 media
648 2331 742 2357 tenus
764 2326 874 2358 extitit
898 2326 988 2364 alno,
1009 2326 1089 2357 fast.
1110 2334 1139 2356 11
1166 2327 1226 2356 145
1250 2325 1365 2356 media
1389 2330 1483 2357 tenus
1506 2325 1626 2357 eminet
1649 2326 1730 2358 aluo
1743 2337 1752 2364 ;

213 2379 270 2410 hic
287 2383 404 2410 autem
425 2388 546 2410 sensus
566 2388 691 2419 parum
713 2381 817 2419 aptus
838 2382 903 2415 est,
922 2387 1034 2419 neque
1058 2377 1150 2408 enim
1173 2387 1283 2418 usque
1307 2376 1351 2408 ad
1375 2376 1526 2408 mediam
1550 2376 1670 2408 aluum
1692 2377 1754 2409 sed

213 2430 249 2461 in
273 2441 314 2461 ea
340 2430 416 2471 ipsa
443 2429 594 2461 mundus
622 2429 865 2470 distinguitur.
914 2439 1047 2466 uerum,
1075 2429 1210 2470 opinor,
1236 2428 1323 2459 satis
1350 2427 1475 2460 habuit
1502 2428 1531 2460 si
1558 2427 1755 2460 declararet

213 2492 282 2512 non
314 2481 534 2512 remotiorem
565 2480 680 2511 media
711 2480 791 2512 aluo
819 2480 1082 2512 distinctionem
1110 2489 1206 2515 esse;
1241 2490 1280 2510 ac
1308 2489 1449 2520 prorsus
1476 2479 1631 2511 eiusdem
1658 2479 1754 2511 modi

213 2537 268 2564 est
283 2532 376 2574 quod
399 2541 411 2564 1
431 2532 495 2564 825
517 2542 564 2573 sq.
586 2531 751 2573 proposui
771 2536 966 2572 coeptasque
983 2531 1141 2563 incendia
1155 2531 1227 2571 fine
1247 2530 1251 2571 Ι
1273 2531 1465 2569 subsistunt,
1485 2530 1521 2562 id
1543 2533 1597 2562 est
1618 2531 1654 2562 in
1678 2531 1753 2573 ipso

213 2590 340 2625 coeptu
439 2583 530 2622 aluo,
561 2585 750 2623 κυρτώματι,
781 2588 821 2614 ut
852 2592 865 2614 1
896 2583 960 2614 ‘233
990 2582 1119 2614 uentris
1218 2581 1280 2613 378
1311 2581 1424 2622 effuqit
1455 2582 1626 2620 Phoebus,
1659 2581 1754 2624 quod

214 2635 364 2667 Breiteri
392 2645 496 2666 causa
523 2634 710 2666 dicendum
738 2638 793 2665 est
898 2634 962 2664 380
987 2636 1133 2665 abducit
1160 2633 1471 2674 Regiomontanus,
1499 2635 1644 2665 adducit
1671 2633 1754 2665 libri

214 2691 256 2717 ut
270 2687 345 2723 354,
364 2696 433 2727 quo
449 2688 588 2717 retento
604 2685 785 2716 Bentleius
807 2685 899 2716 hunc
922 2695 1060 2716 uersum
1083 2687 1164 2726 post
1184 2685 1248 2716 38⁴2
1267 2684 1407 2716 traiecit
1422 2695 1485 2716 nec
1504 2687 1619 2715 tamen
1636 2695 1669 2716 u.
1689 2685 1752 2718 381

214 2737 373 2779 expediit
490 2736 640 2767 380-382
669 2740 861 2778 praeeunte
895 2739 918 2767 L
954 2736 1178 2777 interpunxit
1209 2735 1380 2774 Iacobus3
1418 2735 1524 2777 uulgo
1553 2735 1752 2778 relinquit,{

214 2787 380 2821 sideribus
406 2787 509 2820 donec
537 2787 685 2827 totidem,
713 2792 792 2828 quot
819 2787 996 2825 mensibus,
1024 2787 1120 2825 accis,
1143 2786 1147 2828 Ι
1169 2791 1311 2818 cesserat
1337 2787 1436 2825 unde,
1463 2786 1552 2818 redit
1580 2788 1634 2825 (eo
1660 2786 1755 2819 redit

213 2841 306 2873 unde
337 2842 515 2879 cesserat),
544 2839 637 2881 quod
668 2840 725 2871 uel
756 2844 943 2881 propterea
974 2839 1058 2870 ferri
1085 2839 1209 2880 nequit
1238 2839 1321 2880 quia
1347 2838 1509 2870 Phoebus
1539 2838 1654 2870 sidera
1684 2849 1753 2870 non

213 2892 310 2935 agit3
344 2901 457 2933 neque
484 2894 564 2933 post
590 2891 653 2925 347
677 2902 726 2932 sq.
755 2890 904 2922 docendi
929 2900 1066 2922 eramus
1094 2889 1249 2931 singulos
1274 2899 1352 2921 euni
1381 2899 1515 2921 menses
1542 2889 1579 2920 in
1606 2889 1754 2931 singulis
