1877 3146
176 183 232 223 64
772 180 833 222 M.
866 178 1118 221 MANILII

356 298 461 335 tuno
481 298 524 334 et
543 292 652 334 bella
672 291 760 333 fero
779 296 1024 333 tractantur
1043 290 1181 332 Marte
1199 294 1374 332 eruenta

358 381 434 409 nec
456 366 676 421 Scythiam
694 365 886 407 defendit
905 365 1069 420 hiemps
1087 379 1097 415 ;
1134 363 1360 406 Germania
1379 362 1488 405 sicca

360 441 445 482 iam
463 441 613 482 tellure
631 439 742 495 fugit
761 439 968 494 Nilusque
985 438 1188 481 tumescit
1206 438 1250 479 in
1269 451 1383 479 arua.

237 522 306 554 635
362 515 428 556 hic
447 529 588 556 rerum
606 519 746 555 status
766 519 843 565 est,
865 513 1013 555 Cancri
1033 526 1131 554 cum
1149 511 1284 554 sidere
1302 510 1499 553 Phoebus

362 588 593 630 solstitium
611 588 716 630 facit
735 593 778 629 et
797 602 965 630 summo
983 591 1178 629 uersatur
1198 586 1391 641 Olympo.

417 668 539 718 parte
559 677 611 704 ex
629 662 809 704 aduersa
828 662 1022 704 brumam
1042 661 1319 717 Capricornus
1337 660 1517 701 inertem

363 751 437 792 per
457 736 653 778 minimas
673 737 786 793 cogit
804 736 918 778 luces
939 741 982 778 et
1001 735 1189 778 maxima
1207 734 1343 776 noetis

363 817 570 866 tempora,
592 811 873 866 producitque
892 810 1006 852 diem
1024 809 1306 864 tenebrasque
1324 807 1510 858 resoluit,

241 892 310 924 640
365 885 493 940 inque
511 885 650 927 uicem
669 900 782 927 nuno
801 885 960 927 damna
978 884 1093 940 legit,
1114 898 1227 926 nune
1245 889 1440 938 tempora
1457 881 1639 938 supplet.

365 965 470 1001 tune
489 960 596 1015 riget
616 960 752 1001 omnis
772 974 882 1016 ager,
903 960 1097 1001 clausum
1116 973 1243 1008 mare,
1265 957 1437 999 condita
1456 960 1608 1007 eastra,

366 1048 443 1075 neo
461 1034 649 1076 tolerant
669 1034 829 1076 medias
849 1034 1006 1075 hiemes
1025 1032 1226 1075 sudantia
1244 1046 1360 1083 saxa,

367 1113 540 1164 statque
559 1123 644 1150 uno
664 1114 820 1150 natura
838 1108 931 1150 loco
950 1107 1211 1163 paulumque
1231 1105 1420 1162 quiescit.

421 1183 615 1238 proxima
634 1183 678 1224 in
698 1183 898 1225 effectum
918 1188 961 1225 et
980 1181 1126 1224 similis
1146 1180 1370 1223 referentia
1389 1184 1531 1222 motus

277 1322 413 1363 lauquet
441 1327 483 1355 ut
508 1332 532 1354 v
557 1323 619 1355 211
646 1324 848 1365 lanquetque
873 1322 943 1354 suis
969 1321 1152 1362 Neptunus
1178 1321 1213 1352 in
1238 1320 1340 1352 undis
1426 1318 1491 1350 632
1515 1321 1631 1351 marte
1656 1315 1732 1357 (³13,

194 1377 308 1406 morte
334 1377 393 1406 Lm
489 1374 554 1405 634
583 1375 693 1416 ‘suffit
720 1374 929 1406 infestantes
956 1373 1145 1411 Romanos,
1172 1382 1241 1403 non
1266 1371 1411 1403 defensa
1435 1369 1626 1412 paludibus
1648 1369 1733 1409 suis,

193 1429 234 1456 ut
250 1428 326 1457 erat
343 1425 474 1458 hieme'
491 1425 692 1458 Gronouius
707 1425 780 1457 obs.
800 1435 846 1457 111
863 1436 890 1457 c.
913 1426 954 1457 15
969 1424 1097 1456 collato
1113 1423 1193 1455 Tac.
1213 1433 1292 1455 ann.
1312 1431 1342 1454 11
1357 1423 1378 1454 5
1391 1423 1410 1455 3
1420 1421 1532 1462 fundi
1548 1421 1737 1454 Gemnauos

195 1478 266 1509 acie
283 1482 312 1509 et
328 1476 427 1509 iustis
442 1478 535 1515 locis,
554 1477 674 1509 iuuari
692 1477 802 1517 siluis,
816 1476 1016 1518 paludibus,
1036 1475 1131 1508 breui
1150 1479 1274 1507 aestate
1295 1479 1325 1506 et
1343 1478 1573 1515 praematura
1587 1472 1694 1506 hieme

280 1537 372 1561 arua.
388 1529 475 1561 Vrb.
497 1530 572 1568 668,
594 1538 683 1561 aura
705 1532 776 1566 LM,
802 1537 910 1561 auras
933 1527 1005 1560 GL2.
1055 1527 1141 1559 Hor.
1166 1537 1271 1559 carm.
1295 1534 1341 1558 111
1364 1526 1385 1558 3
1407 1526 1449 1557 48
1472 1524 1624 1557 tumidus
1644 1524 1737 1565 riyat

198 1590 288 1612 arua
310 1580 429 1618 Nilus,
447 1581 530 1613 Luc.
550 1590 622 1612 VIII
645 1581 708 1615 477
733 1580 813 1613 Nili
836 1579 1011 1612 crescentis
1033 1579 1070 1611 in
1093 1589 1184 1611 arua
1299 1577 1362 1608 635
1385 1579 1444 1609 hic
1458 1576 1543 1608 Vrb.
1564 1577 1639 1616 668,
1657 1578 1740 1609 hinc

197 1634 281 1663 GLM
370 1641 490 1664 rerum
513 1635 583 1672 LM,
605 1635 736 1665 iterum
760 1636 785 1665 G
808 1636 845 1664 et
867 1643 932 1674 pro
954 1642 1029 1663 uar.
1052 1641 1115 1663 ser.
1135 1629 1173 1662 L²
1260 1632 1379 1661 status
1401 1632 1446 1667 Μ,
1469 1631 1570 1661 satus
1591 1631 1626 1667 L,
1647 1630 1740 1660 situs

197 1682 270 1722 (ΠΡ,
300 1686 391 1716 satis
422 1684 497 1716 cod.
526 1684 685 1716 Venetus
794 1694 911 1716 rerum
941 1687 1047 1715 status
1077 1682 1146 1714 iam
1176 1681 1390 1723 reciperarat
1420 1679 1575 1722 Scaliger
1676 1679 1739 1712 637

197 1738 350 1768 aduersa
373 1735 446 1775 ΘΠ,
466 1739 616 1768 aduerso
637 1738 707 1775 LM,
725 1736 809 1778 quia
828 1745 868 1767 ex
886 1735 1031 1767 aduerso
1048 1738 1084 1765 et
1099 1735 1330 1775 peruagatum
1347 1735 1403 1764 est
1417 1735 1454 1764 et
1469 1731 1600 1774 legitur
1618 1742 1652 1764 u.
1671 1732 1736 1764 658

284 1790 448 1819 brumam
480 1787 555 1819 cod.
582 1787 676 1819 Flor.
703 1787 846 1828 aliique,
871 1789 1019 1818 brumae
1045 1788 1138 1817 GLM.
1189 1784 1274 1817 Hor.
1302 1794 1407 1816 carm.
1434 1792 1475 1815 1v
1500 1783 1519 1818 7
1549 1783 1590 1815 12
1619 1783 1741 1815 bruma

199 1839 344 1870 recurrit
361 1839 462 1878 iners,
482 1839 585 1871 Ouid.
606 1850 647 1871 ex
664 1839 766 1871 Pont.
788 1847 801 1870 1
822 1838 844 1870 2
863 1838 906 1870 26
928 1838 1019 1870 iners
1037 1836 1140 1869 hiemi
1156 1836 1376 1868 continuatur
1389 1835 1531 1876 hiemps,
1549 1835 1627 1867 Sen.
1648 1834 1738 1876 Thy.

199 1892 262 1923 863
279 1901 328 1932 sq.
350 1891 491 1932 piyram
508 1891 659 1933 reserens
678 1891 819 1922 hiemem
837 1890 968 1931 yelidus
987 1890 991 1931 1
1013 1889 1109 1921 cadet
1125 1888 1314 1929 Aegoceros
1400 1886 1464 1918 638
1479 1895 1543 1926 per
1557 1889 1627 1925 Lm,
1645 1890 1702 1918 ter
1717 1889 1743 1918 G

287 1943 384 1983 coqic,
411 1943 528 1975 trudit
551 1946 587 1974 et
611 1942 762 1984 impellit
787 1953 848 1984 per
873 1941 1038 1973 minimae
1062 1940 1150 1972 lucis
1175 1939 1357 1981 angustias
1380 1938 1541 1970 maximis
1565 1938 1743 1980 utrimque

199 1994 352 2026 tenebris
371 1995 517 2033 clausas,
536 1994 663 2037 quibus
685 2005 727 2026 ex
749 1993 926 2026 contrario
950 1992 1140 2034 respondet
1162 1991 1224 2023 illa
1247 1990 1322 2023 dies
1345 1990 1501 2022 maxima
1523 1989 1583 2022 sub
1609 1989 1741 2022 Cancro

204 2046 354 2078 minimis
375 2057 462 2088 quae
486 2046 634 2086 cinyz'tur
652 2046 781 2078 umbris
801 2045 875 2079 397.
925 2045 1055 2076 Auson.
1075 2044 1140 2076 332
1162 2044 1204 2075 45
1225 2042 1335 2084 (Peip.
1355 2052 1388 2083 p.
1407 2042 1464 2081 27)
1481 2051 1557 2082 coye
1576 2046 1746 2074 secuturos

206 2098 254 2129 bis
281 2109 361 2130 seua
385 2109 451 2139 per
477 2099 565 2130 ostia
591 2108 727 2136 menses,
758 2096 860 2130 Ouid.
886 2100 968 2128 met.
994 2105 1007 2128 1
1041 2096 1101 2130 117
1125 2105 1175 2137 sq.
1201 2104 1330 2135 perque
1360 2092 1482 2125 hiemes
1512 2097 1686 2134 aestusque
1717 2098 1747 2126 et

203 2150 395 2191 inaequalis
418 2155 599 2182 autumnos
617 2149 622 2191 l
643 2155 673 2181 et
697 2149 793 2181 breue
817 2159 878 2180 uer
899 2147 1022 2188 spatii-3
1045 2146 1151 2187 eaeeqit
1174 2150 1337 2188 quattuor
1357 2155 1487 2177 annum
1581 2144 1647 2176 639
1664 2154 1746 2186 pro·

207 2201 364 2242 ducitque
381 2201 472 2234 diem
489 2201 704 2242 tenebrasque
719 2200 868 2239 resoluit,
887 2210 927 2231 ac
943 2198 1070 2231 deinde
1086 2198 1178 2230 diem
1195 2196 1356 2229 extendit
1371 2198 1579 2238 noctemque
1595 2195 1749 2228 destruit

292 2253 356 2284 640
379 2253 470 2294 Zeyit,
487 2252 653 2295 sublegit,
673 2251 965 2294 quemadmodum
989 2249 1176 2282 fraudandi
1197 2248 1344 2281 uerbum
1366 2248 1520 2291 positum
1541 2251 1596 2280 est
1616 2258 1649 2280 u.
1669 2248 1744 2283 627.

212 2305 303 2337 Non.
331 2316 364 2347 p.
392 2305 457 2337 332
481 2305 585 2346 tessere
610 2304 782 2345 subripere
805 2302 984 2344 siqnificac,
1010 2302 1099 2334 uude
1122 2305 1152 2333 et
1175 2300 1392 2341 sacrileqium
1414 2299 1554 2339 dicitur,
1579 2299 1617 2332 id
1639 2304 1686 2332 eet
1707 2299 1749 2332 de

207 2367 304 2389 sacro
323 2357 465 2398 furtum
481 2381 489 2388 .
511 2380 518 2389 .
541 2381 548 2388 .
569 2355 726 2388 Lucilius
752 2355 806 2387 lib.
836 2362 976 2386 XXVIII
999 2353 1114 2386 omnia
1141 2352 1281 2385 uiscacis
1307 2351 1465 2384 manibus
1487 2351 1579 2392 leqet.
1629 2351 1748 2394 Capri·

209 2419 334 2440 cornus
357 2408 393 2440 in
416 2408 533 2450 priore
559 2407 614 2439 sui
640 2411 741 2449 parte
769 2405 893 2438 diebus
917 2405 1096 2437 subtrahit
1120 2403 1214 2446 quod
1235 2406 1408 2435 nocturno
1430 2402 1581 2445 tempori
1603 2402 1748 2442 adiciat,

212 2461 247 2491 in
263 2460 457 2501 posteriore
482 2459 638 2491 uicissim
660 2458 815 2490 noctium
838 2457 976 2489 damnis
996 2455 1072 2488 dies
1097 2458 1203 2497 auget
1289 2453 1351 2485 641
1373 2456 1468 2492 riget
1488 2453 1564 2486 cod.
1577 2453 1748 2493 Venetus,

213 2513 292 2548 figit
308 2513 352 2549 M,
372 2513 467 2549 fugit
483 2513 542 2542 GL.
592 2509 685 2541 idem
704 2520 801 2541 error
819 2508 916 2540 anth.
937 2507 1014 2540 Lat.
1037 2507 1130 2539 Ries.
1150 2507 1214 2539 694
1229 2507 1250 2538 5
1266 2516 1316 2548 sq.
1333 2504 1480 2547 flumine
1501 2504 1616 2538 uicino
1630 2504 1753 2537 etalem

214 2562 283 2594 sitit
315 2567 343 2593 et
373 2562 460 2602 risset
492 2561 665 2600 (Binetus,
695 2560 808 2601 effuyit
839 2559 932 2599 cod.)
959 2569 1039 2591 euro
1059 2558 1063 2601 Ι
1085 2568 1160 2590 cum
1184 2557 1317 2590 calidus
1346 2556 1460 2597 tepido
1490 2561 1646 2588 coneonat
1676 2555 1752 2597 ique

217 2613 335 2645 tholus.
385 2612 515 2645 ibidem
541 2614 607 2647 572
637 2613 658 2644 2
687 2612 774 2653 riyet
799 2611 889 2643 abiit
916 2611 951 2643 in
973 2609 1085 2652 sriyet
1187 2609 1341 2641 clausum
1365 2617 1473 2647 mare,
1502 2615 1516 2639 1
1542 2608 1607 2640 365
1632 2607 1753 2640 Haedi

213 2664 380 2696 cludentes
400 2664 509 2696 sidere
527 2669 673 2705 pontum
760 2662 908 2701 condita,
928 2666 1024 2694 certo
1045 2662 1082 2693 in
1103 2660 1179 2693 loco
1199 2660 1395 2692 constituta
1414 2669 1538 2701 neque,
1556 2661 1598 2691 ut
1617 2661 1753 2691 aestate

212 2715 265 2754 fit,
284 2714 405 2747 crebro
428 2718 524 2747 mota.
611 2713 675 2746 642
699 2714 822 2746 Afran.
842 2714 943 2755 epist.
963 2723 1016 2754 ap.
1038 2712 1128 2744 Non.
1148 2722 1181 2753 p.
1201 2711 1266 2744 208
1289 2710 1396 2743 silices
1418 2720 1494 2743 cum
1507 2709 1626 2750 findat
1647 2709 1752 2750 yetus,

212 2766 318 2809 Verg.
343 2776 460 2809 georg.
477 2775 518 2797 1v
538 2767 600 2798 135
623 2776 674 2808 sq.
694 2775 771 2798 cum
794 2765 900 2797 tri-stis
923 2764 1053 2805 hiemps
1075 2763 1261 2795 etiamnum
1277 2761 1415 2804 sriyore
1437 2771 1526 2793 saxa
1543 2760 1549 2802 Ι
1569 2765 1750 2802 rumperet.

215 2817 382 2851 sudantia
399 2817 486 2849 dicit
502 2818 586 2859 quia
604 2827 689 2849 saxa
709 2817 746 2849 ui
768 2816 908 2858 frigoris
930 2825 998 2848 non
1021 2814 1202 2847 dissiliunt
1221 2814 1290 2846 nisi
1308 2823 1389 2846 rara
1404 2812 1550 2845 materie
1570 2815 1608 2844 et
1627 2811 1756 2854 quibus

210 2868 343 2911 aliquid
370 2869 456 2900 insit
482 2868 613 2900 umoris
701 2867 764 2899 643
792 2870 938 2906 statque
962 2875 1032 2898 uno
1059 2869 1096 2905 G,
1120 2869 1289 2903 stantque
1313 2873 1384 2897 uno
1408 2866 1444 2904 L,
1469 2866 1545 2896 stat
1570 2865 1695 2902 quinto
1720 2865 1756 2896 u

293 2920 358 2952 644
377 2923 542 2952 effectum
553 2919 655 2952 Voss.
678 2921 717 2952 18
733 2923 771 2951 et
787 2918 903 2951 Bentl.
921 2920 950 2958 δ,
965 2920 1003 2950 in
1018 2920 1171 2950 ereetum
1187 2916 1261 2949 cod.
1282 2915 1452 2955 Cusanus,
1470 2917 1641 2947 intectum
1655 2917 1752 2954 (ΠΜ,
