1877 3146
169 176 225 214 52
767 174 828 216 M.
862 173 1114 216 MANILII

349 302 459 343 quae
477 287 616 330 diuisa
635 286 766 330 etiam
785 286 977 342 proprios
995 286 1210 329 ducuntur
1229 285 1273 327 in
1292 299 1426 327 annos

349 367 393 404 et
413 376 576 404 menses
595 361 793 416 lucesque
810 375 909 403 suas
928 361 1138 416 horasque
1156 360 1335 410 dierum,

350 450 424 491 per
444 450 553 491 quae
572 435 821 491 praecipuas
841 435 1074 478 ostendunt
1092 434 1257 490 singula
1275 434 1396 476 uires.

349 510 511 565 primus
531 509 610 552 erit
628 509 749 566 signi,
771 524 856 565 quo
877 509 946 552 Sol
966 508 1181 560 effulserit,
1202 522 1351 559 annus,

224 592 295 623 515
349 598 492 626 annua
511 583 627 639 quod
645 583 831 626 lustrans
850 583 1063 625 consumit
1080 588 1275 638 tempora
1295 581 1527 633 mundum;

349 657 570 713 proximus
589 663 721 714 atque
740 657 811 700 alii
830 657 1057 700 subeuntia
1075 657 1195 713 signa
1213 661 1423 699 secuntur.

350 732 471 774 Luna
489 732 611 775 dabit
631 746 806 783 menses,
827 731 991 788 peragit
1010 731 1126 787 quod
1144 736 1362 773 menstrua
1381 743 1561 773 cursum.

349 806 595 862 tutelaeque
613 820 715 849 suae
734 806 892 862 primas
911 807 1165 862 horoscopos
1185 805 1309 847 horas

350 880 508 924 adserit
527 886 658 937 atque
677 881 780 932 dies,
799 880 1020 936 traditque
1037 879 1313 936 sequentibus
1332 878 1467 921 astris.

226 963 296 995 520
351 955 411 998 sic
430 970 592 997 annum
611 969 859 1011 mensesque
877 969 975 997 suos
994 960 1149 997 natura
1167 954 1341 1009 diesque

351 1035 483 1085 atque
501 1029 615 1086 ipsas
634 1029 771 1072 uoluit
790 1028 1002 1071 numerari
1021 1028 1140 1085 signa
1159 1043 1233 1084 per
1252 1028 1389 1078 horas,

351 1104 494 1146 omnia
513 1110 564 1147 ut
583 1118 708 1146 omne
726 1104 837 1146 foret
856 1103 1042 1146 diuisum
1059 1109 1230 1159 tempus
1248 1103 1292 1144 in
1312 1107 1427 1145 astra

349 1193 508 1234 perque
526 1177 690 1221 alterna
709 1192 807 1220 suos
826 1178 1012 1220 uariaret
1030 1177 1168 1219 sidera
1188 1182 1343 1227 motus,

349 1258 400 1296 ut
419 1253 623 1308 cuiusque
641 1252 754 1294 uices
774 1257 917 1308 ageret
936 1251 1152 1294 redeuntis
1171 1251 1214 1293 in
1234 1251 1390 1293 orbem.

225 1335 295 1368 525
349 1327 505 1370 idcirco
523 1332 648 1370 tanta
668 1332 732 1370 est
752 1341 892 1368 rerum
911 1326 1121 1368 discordia
1139 1326 1184 1367 in
1203 1339 1309 1367 aeuo

350 1407 393 1444 et
411 1401 615 1444 subtexta
635 1401 756 1443 malis
776 1400 888 1443 bona
907 1406 1009 1443 sunt
1028 1400 1309 1456 lacrimaeque
1328 1405 1535 1456 sequntur

349 1481 453 1518 uota
471 1490 549 1518 nec
568 1475 611 1517 in
631 1480 807 1518 cunctos
826 1480 971 1517 seruat
989 1475 1163 1517 fortuna
1181 1479 1373 1517 tenorem
1391 1489 1400 1526 ;

167 1599 270 1636 parte
286 1593 493 1636 disciplinae
509 1592 584 1625 dixi
601 1593 637 1625 in
653 1592 872 1635 praefatione
960 1591 1021 1622 511
1039 1600 1130 1630 quae
1146 1590 1219 1631 (ΗΡ,
1235 1594 1366 1630 quique
1386 1594 1455 1624 ΒΜ,
1504 1601 1591 1633 quae
1612 1591 1712 1634 signa

256 1645 370 1685 etiam,
399 1648 539 1688 praeter
564 1645 680 1677 omnia
700 1655 790 1687 quae
815 1644 859 1676 de
886 1644 936 1676 eis
959 1647 1042 1675 ante
1066 1643 1253 1676 didicimus
1339 1643 1403 1674 513
1426 1652 1517 1682 quae
1539 1643 1707 1686 Scaliger,

168 1707 258 1737 quos
284 1697 367 1729 libri
393 1700 538 1739 propter
562 1696 698 1728 dierum
783 1695 934 1727 514-536
964 1696 1062 1737 prior
1091 1695 1182 1727 ratio
1271 1694 1335 1726 514
1364 1695 1522 1736 effulserit
1552 1698 1710 1738 tempore

168 1749 280 1782 natali
369 1748 431 1779 515
455 1757 574 1780 annua.
597 1748 790 1787 Bentleius,
816 1756 948 1780 annum
971 1747 1053 1779 libri
1140 1749 1309 1779 mundum
1331 1749 1400 1787 Lm,
1418 1749 1541 1779 mundi
1561 1746 1624 1780 GL2

212 1801 399 1834 uerborum
412 1800 510 1840 ordo,
525 1800 569 1832 de
581 1811 650 1842 quo
666 1799 748 1832 uide
761 1808 790 1831 11
804 1800 868 1832 804
883 1803 920 1831 et
936 1799 1028 1831 locos
1044 1798 1089 1831 ad
1106 1808 1119 1830 Ι
1135 1800 1200 1831 455
1211 1799 1359 1838 adlatos,
1375 1798 1432 1831 hic
1444 1803 1499 1832 est
1512 1812 1520 1832 ε
1544 1800 1635 1841 quod
1647 1800 1707 1838 sol,

167 1854 319 1886 lustrans
355 1852 534 1891 muudum,
575 1851 739 1884 consumit
776 1862 895 1883 annua
932 1855 1095 1892 tempora.
1153 1850 1335 1882 Bentleius
1369 1850 1559 1893 adscripsit
1595 1860 1608 1883 1
1646 1853 1711 1884 514

168 1903 327 1937 lustrarit
350 1904 517 1935 mundum
539 1903 641 1935 uario
658 1903 705 1934 sol
721 1902 838 1943 tyneus
853 1902 939 1941 orbe,
961 1901 1061 1934 Lucr.
1082 1910 1107 1933 V
1122 1902 1186 1934 619
1207 1912 1326 1934 annua
1342 1902 1391 1933 sot
1406 1901 1443 1934 iu
1459 1913 1525 1944 quo
1548 1904 1710 1935 consumit

169 1963 322 1996 tempora
335 1965 457 1993 cur3u3
481 1953 572 1986 adde
594 1953 665 1986 Cic.
683 1955 783 1986 Arat.
804 1954 868 1986 332
884 1964 934 1995 sq.
954 1953 1035 1986 haec
1053 1953 1178 1995 (signa)
1194 1953 1243 1985 sol
1257 1958 1393 1985 aeterno
1408 1954 1568 1986 conuestit
1583 1954 1710 1987 lumine

168 2009 331 2046 lustrans,
356 2006 360 2047 Ι
379 2017 498 2038 annua
515 2006 690 2047 conficiens
705 2005 849 2038 uertenti
864 2010 1019 2046 tempora
1035 2016 1136 2037 cursu
1222 2004 1286 2036 516
1308 2007 1373 2037 alii
1393 2005 1560 2048 Scaliger,
1577 2009 1660 2039 aliis
1675 2010 1710 2039 M

168 2060 346 2101 Scaligero
376 2059 529 2100 ignotus,
570 2060 643 2090 inis
681 2060 738 2090 GL.
802 2057 876 2094 alii,
909 2057 1035 2099 reliqui
1071 2056 1189 2089 decem
1219 2067 1261 2088 ex
1293 2056 1559 2090 dodecaeteride
1646 2058 1710 2090 51⁷

168 2122 294 2144 menses
309 2120 434 2152 nempe
449 2110 590 2142 lunares
677 2111 771 2148 quod
789 2108 853 2141 GL2
867 2112 911 2148 M,
932 2118 1002 2147 quo
1017 2111 1041 2140 1.
1055 2108 1131 2141 cod.
1147 2108 1305 2141 Venetus
1393 2108 1457 2140 519
1478 2112 1662 2149 traditque
1684 2113 1711 2143 G

168 2163 244 2195 cod.
264 2162 435 2201 Venetus,
460 2164 575 2194 tradit
594 2164 652 2193 ΕΜ
740 2160 804 2192 520
827 2170 909 2193 suos
932 2164 969 2200 G,
986 2164 1068 2193 tuos
1090 2163 1157 2192 LM.
1206 2170 1283 2192 suos
1305 2159 1350 2192 ad
1373 2160 1472 2201 siqua
1487 2161 1651 2201 refertur,
1669 2165 1711 2195 ut

168 2216 234 2248 510
249 2224 323 2254 sua,
342 2214 404 2245 511
418 2212 593 2254 proprios,
611 2212 676 2244 512
690 2222 771 2244 suas
859 2211 920 2243 521
937 2214 1116 2244 numerari
1136 2211 1211 2243 cod.
1228 2211 1321 2244 Flor.
1341 2211 1481 2254 aliique,
1500 2216 1710 2247 numerandi

716 2269 741 2284 Τί

171 2297 268 2333 GLM,
293 2295 335 2324 ut
356 2292 481 2334 opinor
503 2301 545 2323 ex
569 2301 747 2323 numerau.
797 2290 955 2322 ordinem
978 2300 1052 2322 esse
1075 2289 1183 2322 uoluit
1207 2300 1337 2322 annum
1356 2300 1546 2332 mensesque
1572 2291 1709 2334 diesque

168 2350 269 2387 atque
296 2345 400 2376 horas
426 2342 603 2375 numerari
627 2352 693 2383 per
723 2341 821 2383 siqua
848 2341 1026 2374 intellexit
1052 2341 1256 2380 Bentleius;
1294 2352 1375 2373 nam
1410 2345 1447 2374 et
1483 2344 1705 2384 sententiam,

170 2399 338 2439 sequente
365 2395 488 2428 statim
514 2393 667 2426 diuisum
689 2399 820 2434 tempus
841 2393 879 2426 in
901 2398 1008 2432 astra,
1036 2393 1100 2425 hoc
1124 2393 1302 2435 postulare
1324 2396 1361 2426 et
1385 2393 1589 2427 difficillime
1611 2406 1708 2438 prae-

171 2449 378 2491 positionem
395 2446 440 2478 ad
456 2456 585 2478 aunum
600 2455 788 2485 mensesque
801 2448 902 2477 tanto
915 2444 1103 2477 interuallo
1118 2444 1374 2486 praecedentia,
1389 2456 1478 2488 quae
1491 2446 1658 2489 Scaligeri
1675 2455 1711 2481 et·

174 2500 260 2542 Fayi
282 2498 460 2531 enarratio
482 2497 611 2536 fuerat,
636 2496 770 2529 referri.
818 2496 918 2538 siqua
939 2507 1001 2537 per
1022 2496 1124 2528 horas
1146 2506 1209 2538 pro
1232 2496 1335 2529 horas
1349 2507 1416 2538 per
1435 2497 1535 2539 siqua
1556 2499 1711 2541 positum

171 2550 376 2585 confirmaui
391 2549 436 2581 ad
452 2558 465 2581 1
482 2549 558 2588 245,
572 2548 632 2580 ubi
648 2548 786 2580 collatis
801 2548 971 2590 exemplis
986 2547 1156 2580 accedant
1170 2547 1241 2581 Cic.
1261 2551 1333 2590 top.
1353 2549 1396 2581 32
1411 2549 1458 2581 eis
1479 2560 1576 2591 quos
1597 2551 1651 2584 ad
1673 2551 1712 2584 id

168 2602 370 2645 pertinebat,
404 2601 464 2633 sil.
491 2609 531 2632 1x
558 2601 622 2632 429
652 2610 732 2632 sese
770 2601 810 2631 z'n
846 2599 1049 2632 discrimina
1079 2600 1179 2631 uertit
1276 2599 1338 2631 523
1375 2601 1522 2641 alterna,
1554 2602 1709 2635 uicissim

172 2653 360 2687 subeuntia
447 2651 511 2683 524
525 2656 561 2683 ut
577 2651 735 2692 cuiusque
751 2650 840 2683 uices
854 2655 979 2692 aqeret,
995 2653 1035 2682 ut
1051 2651 1176 2692 cuique
1192 2661 1235 2682 ex
1254 2650 1377 2683 ordine
1393 2651 1573 2686 incideret.
1621 2653 1711 2687 uices

174 2709 310 2747 afferent
326 2713 339 2735 1
358 2703 421 2736 110
507 2702 570 2733 525
593 2706 700 2735 tanta
722 2706 778 2735 est
801 2701 873 2742 αι’-ζ
893 2705 999 2734 tanta
1021 2705 1067 2742 Μ,
1085 2705 1227 2734 tantam
1249 2705 1273 2734 1.
1359 2702 1423 2734 526
1444 2704 1546 2736 malis
1567 2704 1711 2738 datiuus

174 2758 292 2801 potius
306 2765 410 2797 quam
426 2754 605 2786 ablatiuus
620 2766 627 2786 ε
652 2754 743 2786 bona
758 2754 859 2786 malis
875 2765 915 2786 ac
930 2764 1051 2786 rursus
1066 2754 1230 2786 lacrimae
1249 2753 1344 2786 uotis
1363 2754 1625 2798 subiunguntur

218 2807 280 2839 527
308 2810 400 2845 uota,
427 2815 481 2837 res
504 2808 665 2846 optatas:
691 2805 811 2845 Quint.
832 2806 913 2837 inst.
934 2814 990 2837 ΧΗ
1014 2806 1034 2837 5
1057 2806 1078 2837 6
1101 2804 1160 2838 hoc
1183 2809 1299 2837 uotum
1322 2809 1368 2837 est
1390 2810 1420 2838 et
1442 2817 1529 2838 rara
1542 2807 1709 2849 felicitas,

176 2858 300 2894 Claud.
316 2857 396 2890 bell.
416 2856 510 2889 Gild.
530 2857 550 2888 8
573 2861 668 2888 tanto
690 2860 869 2888 cunctatur
891 2856 1025 2889 credere
1048 2861 1125 2888 uoto
1212 2856 1261 2895 iu,
1279 2867 1372 2899 erga,
1394 2860 1436 2889 ut
1456 2857 1535 2890 Tac.
1560 2869 1640 2892 ann.
1666 2869 1713 2892 111

175 2912 219 2946 62
233 2911 255 2944 2
269 2909 357 2942 nihil
376 2912 512 2941 mutata
526 2907 564 2939 in
573 2907 744 2949 populum
762 2908 958 2940 Romanum
978 2907 1178 2940 constantia.
1227 2907 1289 2940 sed
1311 2907 1556 2942 admirationis
1577 2911 1714 2954 aliquid
