1877 3146
222 156 278 195 50
819 156 880 199 M.
913 156 1166 199 MANILII

276 270 346 302 495
399 269 496 307 tum
515 279 601 321 quo
619 265 823 308 subsistet
842 280 1043 308 numerus
1062 273 1340 323 consumptus
1359 267 1403 310 in
1422 273 1538 311 astro

401 352 541 394 quaue
561 339 605 381 in
625 344 748 395 parte
765 354 890 382 suam
906 354 1121 382 summam
1139 355 1378 397 nomenque
1396 342 1604 398 relinquet

401 412 504 455 haec
524 413 604 455 erit
624 413 815 456 exoriens
835 420 879 456 et
897 428 996 470 pars
1016 420 1059 457 et
1077 414 1215 457 forma
1234 429 1308 471 per
1326 415 1453 473 ignes.

489 494 513 519 ,μ
733 494 756 519 *
976 495 1000 520 εκ
1219 496 1243 520 21<
1462 497 1486 522 κε

400 550 618 593 contineat
637 556 791 606 partes.
851 551 925 594 ubi
943 566 1157 594 summam
1175 552 1320 595 feceris
1340 567 1483 604 unam,

398 624 581 667 tricenas
600 624 723 667 dabis
743 640 796 667 ex
815 625 886 667 illa
905 640 979 682 per
997 626 1162 683 singula
1180 626 1312 683 signa,

274 704 343 736 500
398 697 532 741 donec
551 698 722 742 deficiat
742 714 966 751 numerus;
1002 715 1172 756 quaque
1190 700 1258 743 ille
1276 701 1356 744 sub
1375 701 1479 744 astri

398 778 520 828 parte
539 773 676 824 cadet,
699 773 846 816 credas
865 774 982 816 illam
1000 789 1098 817 cum
1117 789 1291 831 corpore
1309 781 1458 818 natam

399 861 487 888 esse
507 847 688 890 hominis
707 849 950 904 pariterque
969 849 1115 892 orbem
1133 849 1289 892 uidisse
1307 864 1382 906 per
1400 849 1527 906 ignes,

396 921 456 963 sic
475 921 556 963 erit
574 921 664 978 ipse
681 922 763 965 tibi
782 923 941 979 rapidis
961 923 1225 979 quaerendus
1245 924 1289 965 in
1307 924 1432 967 astris

213 1045 235 1065 a
247 1033 358 1067 laeua.
408 1035 540 1068 Graece
553 1036 684 1068 dicitur
699 1039 782 1069 κατὰ
795 1039 835 1069 τὰ
849 1039 988 1076 ἑπόμενα
1076 1037 1140 1069 495
1163 1041 1242 1070 tum
1257 1041 1329 1077 GM,
1344 1047 1423 1071 cum
1435 1041 1458 1070 1.
1544 1038 1610 1070 496
1630 1047 1759 1071 nomen

214 1087 331 1118 nescio
355 1086 448 1119 unde
471 1087 625 1120 Huetius
652 1099 685 1130 p.
713 1090 765 1128 42,
792 1091 932 1121 numeri
955 1091 1153 1129 (=numen)
1178 1090 1282 1129 libri;
1317 1094 1512 1122 ceterorum
1538 1090 1759 1123 coniecturas

213 1148 282 1170 non
299 1138 420 1171 adfero
507 1142 686 1177 relinquet
709 1140 783 1172 cod.
811 1141 920 1179 Flor„
945 1144 1092 1179 reliquit
1114 1144 1199 1173 (ΗΜ
1286 1152 1447 1174 numerus
1469 1152 1568 1174 suam
1588 1152 1756 1174 summam

213 1189 389 1231 relinquet,
423 1201 497 1223 sese
535 1192 712 1234 relinquet
749 1196 787 1224 et
824 1203 898 1225 esse
937 1193 1098 1225 desinet:
1146 1193 1227 1225 uide
1266 1193 1355 1226 Stat.
1398 1193 1507 1226 Theb.
1549 1203 1563 1226 1
1600 1195 1665 1227 330
1701 1204 1754 1236 sq.

215 1241 398 1274 Cithaeron
414 1267 422 1275 .
444 1268 451 1275 .
473 1267 480 1275 .
500 1242 643 1275 inclinat
660 1268 667 1275 .
689 1268 696 1276 .
718 1269 725 1276 .
745 1249 892 1276 montem
912 1245 1110 1286 similiaque
1132 1245 1177 1276 ad
1196 1254 1210 1276 1
1227 1245 1290 1277 539
1306 1245 1436 1277 adlata.
1485 1256 1622 1278 summa
1636 1247 1756 1278 autem

211 1293 335 1325 relicta
358 1293 463 1326 simul
486 1294 700 1336 relinquitur
723 1295 927 1337 impositum
951 1296 983 1327 ei
1006 1306 1162 1328 summae
1185 1307 1322 1335 nomen,
1342 1296 1385 1328 de
1405 1306 1474 1338 quo
1490 1306 1530 1329 1v
1545 1297 1609 1331 207
1625 1307 1675 1339 sq.
1696 1296 1757 1338 qui

210 1344 345 1385 primus
362 1355 546 1378 numeros
568 1346 677 1384 rebus,
703 1346 764 1387 qni
785 1347 948 1379 nomina
971 1346 1134 1379 summis
1153 1346 1157 1389 Ι
1179 1347 1341 1388 imposuit
1427 1347 1491 1379 497
1514 1358 1584 1390 quo
1607 1348 1644 1380 in
1659 1351 1757 1381 astro

211 1406 325 1438 quaue
342 1397 378 1429 in
394 1400 495 1439 parte
510 1408 676 1430 numerus
692 1397 874 1437 subsistet,
893 1399 978 1430 haec
995 1409 1075 1440 pars
1092 1401 1127 1430 et
1143 1399 1228 1430 haec
1245 1399 1368 1438 forma,
1388 1398 1425 1431 id
1444 1402 1499 1431 est
1520 1399 1585 1432 hoc
1606 1402 1754 1439 astrum,

212 1449 372 1480 exoriens
396 1450 465 1481 erit
487 1459 550 1491 per
573 1450 683 1491 ignes,
715 1449 752 1481 id
776 1452 831 1482 est
861 1450 1000 1492 ignibus
1031 1451 1114 1483 suis.
1155 1450 1277 1491 forma
1308 1450 1372 1483 hoc
1403 1450 1490 1489 loco,
1519 1451 1613 1484 sicut
1632 1451 1756 1492 fiyura

211 1499 275 1532 669
309 1503 346 1532 et
379 1501 455 1540 676,
495 1511 559 1542 pro
589 1501 689 1543 signo
719 1501 875 1543 ponitur,
908 1501 1202 1543 quemadmodum
1237 1502 1363 1534 Graeci
1393 1503 1522 1534 εἴδωλον
1552 1502 1754 1545 ponebant:

210 1551 339 1584 Achill.
381 1552 466 1594 isag.
503 1553 546 1584 23
581 1554 717 1592 (comm.
755 1554 855 1586 Arat.
898 1553 1026 1586 Maass.
1062 1564 1094 1595 p.
1129 1554 1186 1593 53)
1224 1556 1367 1585 καλεῖται
1403 1555 1437 1586 δὲ
1468 1556 1521 1586 καὶ
1550 1556 1668 1586 εἴδωλα
1699 1556 1754 1594 (τὰ

210 1603 256 1644 ιβ’
293 1603 415 1644 ζῴδια),
465 1604 511 1635 Coo·
556 1606 607 1636 καὶ
646 1603 789 1645 ”Apama
828 1606 918 1644 (455)
964 1607 1104 1643 ἔμπαλιν
1142 1607 1290 1637 εἰδώλοισ
1329 1606 1512 1637 δυοκαίδεκα
1551 1607 1724 1638 δινεύονται
1745 1619 1754 1645 ;

209 1658 316 1696 atque
354 1656 406 1687 ita.
440 1655 589 1687 Ouidius
627 1659 709 1688 met.
752 1665 781 1687 11
819 1656 861 1691 78
895 1656 1011 1688 sidera
1048 1657 1182 1689 zodiaci
1219 1657 1376 1699 appellat
1406 1657 1545 1697 formas
1574 1658 1751 1699 serarum,

210 1705 347 1738 Plinius
384 1706 457 1739 n.h.
500 1715 530 1738 11
570 1707 632 1739 110
669 1706 768 1748 siqua
806 1708 1062 1749 interpretatur
1099 1718 1216 1739 rerum
1252 1713 1312 1739 auc
1350 1707 1581 1740 animantium
1621 1709 1749 1751 effiyies.

210 1757 302 1798 iynes
325 1768 389 1799 pro
412 1757 525 1790 stellis
548 1769 713 1790 earumue
736 1758 813 1790 luce
838 1758 969 1791 dicitur
993 1768 1006 1791 Ι
1029 1760 1105 1799 466,
1123 1760 1198 1798 533,
1218 1768 1258 1791 1v
1281 1760 1356 1798 328,
1375 1769 1400 1791 v
1415 1761 1469 1798 38,
1488 1760 1562 1799 713,
1582 1760 1668 1799 7233
1686 1771 1753 1802 per

210 1809 302 1850 iynes
327 1809 447 1841 eodem
472 1820 575 1841 sensu
601 1809 752 1842 habetur
778 1821 811 1842 u.
839 1811 915 1849 502,
941 1821 1030 1853 quae
1055 1810 1162 1842 uerba
1185 1815 1284 1843 noctu
1307 1810 1502 1853 significare
1524 1822 1624 1854 posse
1647 1812 1752 1844 nimis

210 1860 313 1893 facile
343 1861 519 1903 Scaligero
550 1861 766 1893 accreditum
797 1866 861 1894 est.
911 1872 1019 1904 praue
1049 1862 1143 1894 idem
1170 1862 1218 1894 sic
1244 1862 1478 1904 interpunxit,
1509 1863 1642 1904 forma.
1686 1874 1755 1905 per

209 1912 302 1953 i9ne3
323 1912 327 1955 Ι
346 1912 508 1945 continua
518 1918 639 1954 partes
652 1925 660 1952 ;
685 1913 854 1945 Manilius
870 1914 962 1945 enim
979 1914 1173 1946 orationem
1188 1917 1269 1956 post
1283 1915 1447 1956 quintum
1464 1914 1666 1947 trochaeum
1682 1926 1751 1947 non

209 1964 336 1996 incidit
424 1965 517 1996 inter
532 1964 596 1996 497
613 1969 650 1997 et
664 1964 728 1996 498
746 1976 868 1997 uersus
883 1965 1019 2007 aliquot
1039 1965 1159 1998 deesse
1182 1965 1292 1997 sensit
1314 1965 1473 2004 Iacobus,
1493 1976 1642 2008 quorum
1661 1977 1752 2009 quae

210 2015 319 2048 fuerit
335 2017 524 2055 sententia,
543 2017 610 2048 etsi
627 2017 702 2058 ipse
718 2028 754 2049 se
770 2028 894 2059 parum
911 2019 1108 2059 perspicere
1124 2017 1292 2056 ostendit,
1310 2018 1398 2049 satis
1419 2020 1536 2049 tamen
1553 2021 1590 2050 et
1605 2029 1660 2051 res
1675 2020 1752 2061 ipsa.

209 2068 430 2099 demonstrat
457 2071 492 2099 et
520 2079 562 2099 ex
590 2068 763 2100 similibus
791 2068 985 2100 Ptolemaei
1016 2069 1113 2108 locis,
1142 2079 1228 2110 quos
1256 2069 1291 2101 in
1318 2069 1536 2111 praefatione
1566 2070 1748 2112 exscripsi,

209 2120 398 2162 colligitur.
447 2131 528 2152 nam
552 2120 595 2152 de
619 2124 791 2153 nocturno
815 2121 1007 2162 horoscopo
1027 2121 1085 2153 hic
1104 2121 1172 2162 agi,
1190 2131 1268 2152 cum
1285 2131 1305 2152 a
1321 2122 1384 2152 485
1405 2120 1451 2152 ad
1471 2122 1535 2156 497
1556 2121 1601 2153 de
1623 2121 1751 2154 diurno

209 2175 301 2204 esset
323 2172 534 2213 expositum,
561 2173 629 2203 iam
654 2172 811 2213 Scaliger
837 2173 1062 2204 intellexerat
1076 2184 1085 2210 ;
1112 2172 1186 2204 eius
1208 2175 1327 2203 autem
1351 2172 1554 2204 inueniendi
1577 2173 1750 2206 rationem

209 2223 345 2256 duabus
362 2223 465 2255 rebus
481 2234 501 2254 a
516 2223 633 2265 priore
649 2223 790 2256 differre
806 2228 1078 2255 consentaneum
1095 2227 1159 2255 est.
1208 2223 1294 2255 hora
1314 2223 1407 2255 enirn
1423 2223 1467 2255 ab
1484 2234 1608 2256 occasu
1623 2235 1664 2257 ac
1679 2235 1750 2257 non

207 2274 251 2306 ab
267 2277 347 2307 ortu
364 2274 454 2307 Solis
469 2274 685 2306 numeranda
701 2275 781 2314 erit,
796 2285 908 2316 neque
924 2285 945 2307 a
957 2274 1036 2307 Sole
1052 2274 1205 2316 incipere
1218 2274 1361 2306 debebit
1374 2274 1529 2316 partium
1541 2274 1748 2308 distributio

207 2325 269 2358 sed
306 2337 326 2358 a
364 2328 495 2368 puncto
529 2325 661 2358 zodiaci
696 2326 769 2358 Soli
807 2336 825 2358 e
863 2326 1003 2368 regione
1033 2327 1206 2369 oppositO.
1265 2326 1488 2358 Ptolemaeus
1525 2331 1618 2368 synt.
1660 2336 1690 2360 11
1728 2328 1749 2360 9

207 2379 563 2409 πολλαπλασιάσαντεσ
578 2379 616 2409 τὸ
631 2379 760 2416 πλῆθοσ·
775 2379 838 2409 τῶν
856 2379 942 2418 ὡρῶν
958 2378 1082 2418 ἡμέραο·
1097 2379 1155 2416 μὲν
1171 2379 1234 2409 τῶν
1251 2379 1316 2409 ἀπὸ
1331 2379 1497 2416 ἁνατολῆο·
1511 2379 1612 2418 ἡλίου,
1632 2380 1748 2411 νυκτὸσ·

208 2431 242 2461 δὲ
264 2431 327 2460 τῶν
350 2431 415 2461 ἀπὸ
439 2430 561 2461 δύσεωσ·
578 2453 586 2462 .
607 2454 614 2461 .
635 2453 643 2460 .
663 2430 719 2461 τὸν
736 2454 743 2461 .
764 2453 772 2461 .
794 2454 801 2461 .
822 2430 1025 2469 συναχθέντα
1048 2430 1180 2470 ἀριθμὸν
1205 2430 1433 2470 διεκβαλοῦμεν
1457 2429 1580 2471 ἡμέρασ-
1601 2431 1659 2469 μὲν
1683 2432 1748 2462 ἀπὸ

206 2483 269 2520 τῆσ
294 2480 435 2519 ἠλιακῆσ
460 2482 587 2521 μοίρασ,
618 2482 735 2513 νυκτὸσ
764 2482 798 2512 δὲ
825 2482 890 2513 ἀπὸ
916 2482 980 2519 τῆσ
1005 2482 1260 2522 διαμετρούσησε
1292 2480 1384 2512 adde
1408 2480 1509 2513 Vett.
1536 2481 1616 2513 Val.
1643 2492 1678 2524 p.
1705 2483 1750 2515 20

206 2533 245 2565 31
278 2543 328 2574 sq.
362 2534 473 2573 λαβὼν
500 2534 564 2564 τὰσ
590 2534 646 2563 τοῦ
672 2534 763 2571 ἡλίου
788 2534 904 2573 μοίρασ
921 2557 928 2564 .
950 2557 958 2564 .
979 2557 986 2565 .
1007 2535 1061 2564 ἐπὶ
1084 2533 1219 2573 ἡμέρασ,
1253 2534 1306 2564 ἐπὶ
1337 2533 1370 2564 δὲ
1401 2533 1518 2564 νυκτὸσ
1547 2531 1654 2576 <τὰσ>
1683 2535 1747 2572 τῆσ

207 2585 386 2624 διαμέτρου.
443 2583 563 2615 eodem
591 2584 768 2626 perueniri
798 2587 917 2625 potest
948 2593 1004 2615 ΧΠ
1035 2583 1138 2616 horas
1169 2584 1314 2615 diurnas
1344 2583 1389 2615 ad
1418 2587 1611 2617 nocturnae
1642 2584 1748 2616 horae

206 2645 389 2667 numerum
416 2634 590 2674 addendo,
616 2639 657 2667 ut
683 2646 704 2667 a
728 2635 819 2667 Solis
845 2636 920 2667 loco
947 2635 1154 2667 distributio
1184 2636 1340 2677 partium
1371 2635 1540 2677 incipiat;
1578 2635 1639 2668 sed
1670 2646 1746 2668 eam

205 2686 492 2718 distributionem
513 2688 598 2718 κατὰ
620 2688 662 2718 τὰ
685 2686 844 2727 ἡγούμενα
868 2698 908 2719 ac
931 2698 1000 2719 non
1024 2688 1106 2718 κατὰ.
1130 2688 1170 2718 τὰ.
1193 2688 1333 2725 ἑπόμενα
1356 2686 1432 2719 fieri
1456 2686 1583 2719 debere
1604 2687 1746 2730 propria

206 2738 356 2770 Breiteri
371 2738 564 2770 alucinatio
576 2741 630 2770 est
717 2738 781 2769 498
797 2747 971 2771 summam
988 2763 995 2771 .
1017 2763 1025 2771 .
1046 2763 1053 2771 .
1073 2747 1181 2770 unam
1193 2741 1227 2778 G,
1244 2747 1382 2771 summa
1399 2763 1406 2770 .
1427 2762 1435 2770 .
1456 2762 1464 2770 .
1483 2741 1659 2771 unumLM

248 2792 374 2822 feceris
398 2788 564 2831 Scaliger,
590 2791 714 2822 fecerit
737 2789 820 2822 libri
907 2789 972 2820 500
994 2798 1135 2828 quaque
1157 2788 1205 2828 L2,
1231 2798 1408 2828 quamque
1424 2792 1485 2829 GL,
1510 2798 1601 2828 quae
1625 2792 1659 2821 Μ

248 2844 310 2873 1110
333 2843 393 2879 GL,
412 2843 476 2872 ina
498 2844 532 2872 Μ
620 2843 712 2873 astri
734 2841 902 2883 Scaliger,
920 2843 1030 2874 astris
1053 2840 1135 2873 libri
1224 2840 1286 2872 501
1310 2841 1417 2880 cadet,
1443 2840 1594 2873 deficiet.
1642 2841 1746 2874 cadat

204 2892 280 2925 cod.
300 2892 393 2924 Flor.
413 2895 450 2924 et
465 2902 584 2924 omnes
601 2903 709 2934 paene
726 2892 889 2930 editores,
906 2893 1023 2925 nescio
1035 2903 1144 2935 quare
1232 2891 1296 2923 502
1318 2903 1380 2933 per
1396 2892 1488 2933 ἕρπω
1502 2903 1594 2932 suos,
1613 2895 1654 2925 nt
1670 2892 1745 2925 dixi
