1877 3146
643 119 1127 164 ASTRONOMICON
1169 122 1245 164 III
1663 128 1716 167 43

228 236 297 267 425
352 243 494 270 rursus
516 229 587 284 qui
607 230 774 271 steterit
794 245 993 273 numerus
1012 232 1092 273 sub
1111 232 1281 274 nomine
1300 234 1437 275 noctis

354 303 441 344 eius
461 303 540 344 erit
559 303 679 359 signo
699 304 825 346 Tauri
845 319 942 360 pars
961 305 1032 347 illa
1052 306 1245 348 dicanda.

354 377 552 432 quodque
572 378 681 419 hanc
702 385 927 434 exsuperat
947 385 1125 434 partem,
1147 387 1370 435 superatur
1390 381 1445 423 ab
1465 382 1549 432 illa,

354 451 661 507 distinguitque
681 452 786 494 duas
807 453 946 495 medio
966 453 1204 496 discrimine
1222 469 1423 506 summas,

352 525 480 566 tertia
500 539 598 580 pars
618 526 718 577 eius,
741 541 916 568 numero
935 542 1060 583 super
1079 528 1226 570 addita
1247 529 1386 580 Tauri,

228 606 297 638 430
351 599 548 641 tradetur
567 600 765 642 Geminis.
824 601 948 642 simili
968 607 1063 643 tum
1083 608 1222 644 cetera
1241 603 1356 644 lucro

354 673 583 727 procedent
603 689 799 716 numeros
819 689 982 730 semper
1001 681 1146 718 tutata
1166 677 1314 731 prioris

353 747 654 804 augebuntque
674 763 786 790 nouo
806 749 966 791 uicinas
986 764 1158 792 munere
1177 765 1378 802 summas,

352 821 485 863 donec
505 823 756 877 perueniant
777 823 831 864 ad
851 823 988 865 iustae
1007 824 1144 866 sidera
1164 825 1315 867 Librae
1335 841 1343 867 :

353 910 404 936 ex
423 895 494 937 1110
513 896 697 938 totidem
716 911 790 952 per
809 903 952 952 partes
972 898 1029 940 sic
1049 898 1297 941 breuiantur

228 976 297 1008 435
354 969 545 1025 Lanigeri
568 971 622 1012 ad
643 971 746 1012 fines
765 987 774 1022 3
812 986 1097 1027 conuersaque
1117 973 1259 1014 omnia
1279 974 1368 1030 lege

354 1044 568 1098 accipiunt
588 1045 856 1101 perduntque
875 1060 997 1101 pares
1017 1047 1209 1089 cedentia
1229 1054 1375 1090 sortes.

170 1199 375 1231 trochaeum
407 1200 476 1232 iam
508 1200 657 1233 Ouidius
687 1201 821 1234 fecerat
852 1203 945 1234 trist.
974 1211 1013 1234 IV
1041 1203 1061 1235 3
1092 1203 1134 1237 72
1165 1204 1418 1245 exemplumque
1447 1204 1535 1236 mihi
1564 1205 1716 1246 coniuqis

168 1256 251 1282 esto
283 1251 409 1290 bouae3
448 1263 491 1283 ex
522 1253 653 1284 cretico
684 1257 801 1285 autem
838 1253 977 1286 facilius
1011 1254 1175 1296 dactylus
1207 1254 1325 1294 fiebat,
1355 1256 1453 1298 prius
1485 1256 1576 1288 enim
1607 1258 1719 1289 uesci&

170 1303 279 1343 dili95
315 1304 434 1336 desino
468 1315 573 1346 quam
603 1305 706 1345 find&
736 1306 837 1337 cred&
865 1306 955 1344 τοῖῖὄ,
988 1307 1086 1347 prius
1118 1307 1233 1338 Ροῖίἰό
1261 1317 1366 1348 quam
1405 1308 1505 1340 Naso
1541 1319 1561 1339 0
1599 1309 1714 1350 poetis

167 1356 349 1387 enuntiari
372 1359 536 1397 coeptum
561 1360 625 1388 est.
676 1367 788 1398 neque
813 1357 1012 1396 Manilium,
1037 1358 1098 1400 qui
1121 1369 1191 1390 non
1215 1358 1318 1390 modo
1341 1360 1391 1391 leo
1416 1359 1500 1392 Caco
1523 1360 1584 1391 sed
1607 1362 1715 1392 etiam

167 1406 268 1446 uiryo
300 1407 383 1438 ordo
414 1417 508 1438 nemo
539 1411 575 1439 et
605 1409 740 1449 primus
771 1409 925 1440 omnium
957 1414 1027 1440 octo
1059 1413 1219 1451 correpta
1246 1411 1365 1451 posuit
1391 1409 1499 1449 finali,
1527 1412 1713 1453 quicquam

169 1457 382 1499 prohibebat
425 1459 520 1500 quin,
560 1459 853 1500 quemadmodum
892 1460 1089 1501 Vergilium
1128 1461 1244 1492 mincio
1281 1462 1392 1493 audeo
1430 1462 1545 1494 Pollio
1583 1463 1715 1495 elisisse

170 1509 326 1547 uidebat,
362 1510 414 1541 ita
450 1509 563 1541 ducito
594 1510 752 1549 elideret,
787 1522 865 1542 cum
896 1513 1104 1553 praesertim
1135 1523 1178 1544 ne
1209 1512 1315 1544 talem
1347 1513 1487 1554 quidem
1520 1514 1715 1547 hexametri

168 1561 361 1593 clausulam
401 1561 616 1603 repudiaret,
650 1562 852 1603 proximum
890 1568 1049 1604 equester,
1089 1572 1114 1594 v
1152 1564 1214 1598 735
1228 1576 1237 1603 3
1276 1575 1357 1595 nam
1394 1574 1434 1596 1v
1471 1566 1534 1600 597
1573 1567 1710 1599 omitto.

168 1623 281 1654 neque
308 1613 387 1654 plus
418 1624 437 1644 a
468 1614 623 1645 numeris
651 1614 965 1646 commendationis
992 1615 1100 1647 habet
1130 1615 1223 1657 quod
1251 1615 1444 1648 Muellerus
1474 1618 1713 1659 reponendum

168 1664 306 1696 censuit
333 1664 456 1696 diduc
484 1664 526 1696 id
553 1665 590 1697 in
613 1675 752 1706 aequas,
775 1666 913 1698 etiamsi
934 1667 966 1698 ei
987 1667 1161 1699 001310010
1187 1668 1246 1709 qui
1274 1667 1369 1699 solus
1393 1668 1500 1700 simili
1523 1672 1578 1701 est
1600 1671 1711 1709 exitu,

168 1725 182 1747 1
198 1717 260 1747 521
278 1726 409 1756 semper
423 1716 498 1756 fuit
514 1716 616 1755 idem,
636 1717 726 1748 alter
742 1717 897 1756 accedat,
918 1727 958 1749 IV
976 1717 1040 1750 248
1057 1718 1236 1759 duplicare
1253 1719 1317 1750 erit
1333 1730 1355 1750 a
1372 1724 1402 1751 te
1489 1719 1552 1750 425
1570 1724 1715 1754 steterit

169 1767 243 1806 GL2,
270 1770 415 1799 steteris
441 1771 500 1799 LM
587 1771 727 1800 nomine
755 1769 854 1801 Voss.
884 1771 923 1801 18
951 1770 1092 1811 aliique,
1116 1773 1258 1802 numine
1285 1774 1391 1803 GLM:
1427 1771 1509 1803 uide
1536 1773 1612 1811 421,
1636 1774 1710 1808 470.

172 1819 324 1851 ‘alludit
355 1819 523 1851 Manilius
554 1820 599 1851 ad
631 1821 824 1851 rationaria
860 1820 1086 1860 creditorum,
1117 1822 1152 1853 in
1183 1822 1310 1864 quibus
1341 1823 1483 1854 nomina
1515 1823 1713 1857 debitorum

169 1870 346 1912 descripta
372 1874 473 1902 erant
498 1875 535 1903 et
560 1882 715 1903 summae
743 1871 893 1910 debitae,
921 1883 981 1904 seu
1007 1873 1173 1912 creditae,
1200 1877 1303 1905 erant
1326 1874 1533 1906 adiunctae'
1560 1875 1716 1909 Huetius

270 1921 335 1953 426
366 1922 439 1961 illa,
473 1927 585 1961 sexta,
619 1927 661 1954 ut
691 1924 754 1957 407
786 1924 903 1955 eadem
933 1935 995 1966 pro
1027 1925 1135 1956 tertia
1244 1925 1308 1956 427
1330 1924 1394 1956 428
1425 1925 1480 1958 1113
1511 1930 1567 1958 tot
1596 1928 1715 1961 uerbis

168 1973 391 2016 significatur
433 1973 606 2006 distantia
650 1975 743 2007 inter
786 1979 923 2007 sextam
966 1979 1216 2008 nocturnorum
1261 1981 1465 2019 sextamque
1507 1978 1711 2012 diurnorum

169 2025 363 2057 stadiorum
379 2028 516 2067 partem
604 2025 669 2057 429
689 2035 835 2059 numero
855 2026 928 2064 (ΠΡ,
947 2036 1134 2059 numerum
1154 2030 1212 2059 LM
1298 2027 1364 2059 430
1383 2032 1548 2062 tradetur
1566 2030 1714 2064 Iacobus

168 2077 243 2119 (qui
259 2077 303 2108 de
319 2077 419 2109 Voss.
434 2078 498 2110 390
510 2077 672 2117 fallitur),
686 2081 845 2110 traditur
861 2082 904 2117 Μ,
921 2081 1080 2111 traditur
1095 2083 1132 2111 et
1147 2082 1206 2111 GL.
1255 2085 1285 2111 et
1300 2081 1436 2122 respuit
1451 2083 1627 2114 sententia

212 2132 298 2160 tunc
317 2129 398 2160 libri
485 2129 548 2160 431
569 2133 761 2167 procedent
780 2134 824 2169 M,
845 2133 1041 2169 procedunt
1061 2134 1110 2162 GL
1196 2134 1320 2164 tutata
1341 2132 1414 2171 GL2,
1433 2136 1556 2165 tutota.
1575 2137 1610 2174 L,
1627 2138 1714 2167 tunc

166 2183 248 2212 tota
271 2180 346 2212 cod.
370 2180 537 2220 Venetus,
559 2185 666 2213 tanta.
689 2185 723 2213 Μ
807 2182 941 2222 prioris
963 2184 1205 2215 accusatiuum
1229 2194 1302 2215 esse
1325 2194 1395 2215 non
1417 2184 1622 2217 adnotarem
1646 2187 1715 2219 nisi

169 2236 206 2263 et
237 2232 386 2264 Iacobus
417 2236 453 2264 et
483 2232 665 2265 Breiterus
695 2244 759 2275 pro
790 2234 955 2275 genetiuo
986 2234 1203 2274 habuissent,
1230 2245 1299 2277 quo
1328 2238 1433 2277 pacto
1460 2247 1530 2268 non
1557 2248 1714 2271 numeros

168 2283 357 2315 dicendum
384 2287 461 2315 erat
487 2284 548 2315 sed
575 2295 763 2323 numerum,
784 2288 825 2316 ut
851 2287 910 2317 411
942 2296 992 2327 sq.
1016 2285 1148 2326 prioris
1164 2310 1171 2317 .
1193 2310 1200 2318 .
1222 2311 1229 2318 .
1249 2286 1338 2318 astri
1354 2311 1362 2318 .
1383 2311 1390 2319 .
1411 2311 1418 2319 .
1438 2298 1608 2321 summam

212 2334 277 2365 432
307 2344 398 2367 nouo
430 2334 585 2377 Scaliger
616 2336 669 2368 ed.
704 2338 733 2375 1,
762 2346 890 2368 nouem
920 2336 1003 2368 libri
1090 2346 1236 2369 munere
1266 2337 1459 2379 Bentleius,
1489 2348 1634 2373 munero
1663 2344 1709 2381 M,

170 2396 319 2418 munera
352 2390 388 2426 G,
421 2396 566 2419 numero
602 2391 636 2427 L,
670 2389 804 2420 nomine
840 2388 914 2420 eod.
949 2388 1050 2420 Bodl.
1083 2389 1213 2431 aliique
1325 2389 1389 2420 433
1424 2394 1638 2429 perueniant
1674 2396 1710 2430 G,

169 2440 355 2476 perueniet
369 2441 437 2477 LM,
458 2442 669 2477 peruenient
684 2439 721 2471 L2
736 2440 885 2471 fortasse
901 2436 1007 2479 recte,
1027 2451 1239 2482 quamquam
1256 2441 1292 2472 in
1314 2450 1354 2472 IV
1369 2443 1444 2478 670,
1461 2453 1530 2484 quo
1546 2443 1618 2475 solo
1635 2444 1711 2476 loco

170 2500 249 2521 cum
273 2490 376 2522 donec
399 2491 636 2532 coniungitur,
655 2491 815 2523 futurum
839 2491 980 2523 defendi
1002 2492 1135 2534 nequit,
1162 2492 1300 2532 infestat
1317 2517 1324 2524 .
1346 2518 1353 2525 .
1375 2518 1382 2525 .
1402 2494 1504 2526 donec
1522 2519 1529 2527 .
1550 2519 1558 2528 .
1580 2520 1587 2527 .
1609 2501 1713 2537 ponet

171 2543 253 2580 (LM,
268 2546 377 2582 ponat
394 2544 443 2581 G).
485 2542 741 2584 ,subiunctiuus
756 2544 902 2585 ponitur
916 2544 1150 2585 praecedente
1166 2544 1287 2576 futuro
1304 2553 1349 2576 111
1365 2545 1429 2577 354
1445 2556 1494 2588 sq.
1516 2551 1624 2579 texenc
1642 2573 1649 2580 .
1671 2573 1678 2580 .
1700 2573 1707 2580 .

170 2593 273 2625 donec
289 2593 344 2632 sit,
362 2594 426 2626 499
442 2604 493 2635 sq.
513 2594 612 2626 dabis
629 2619 635 2626 .
658 2619 665 2626 .
687 2619 694 2626 .
715 2595 818 2627 donec
839 2595 985 2634 deficiat,
1004 2595 1164 2627 futurum
1184 2599 1344 2628 exactum
1363 2605 1376 2628 1
1392 2597 1456 2629 216
1472 2608 1521 2640 sq.
1541 2609 1712 2641 nusquam

169 2644 343 2677 inuenies.
366 2670 372 2676 .
395 2670 401 2677 .
421 2645 523 2677 donec
540 2670 547 2677 .
570 2671 576 2678 .
598 2671 605 2678 .
626 2647 758 2678 ueneris
846 2647 894 2678 ad
916 2646 1032 2679 sidera
1059 2647 1186 2679 Librae
1213 2652 1250 2679 et
1273 2648 1337 2680 435
1363 2648 1533 2689 Laniyeri
1557 2651 1606 2683 ad
1625 2652 1714 2691 fines

170 2707 238 2738 quo
265 2707 368 2729 sensu
396 2696 561 2729 dicantur
587 2697 784 2739 significaui
809 2697 854 2729 ad
879 2699 943 2730 413
1035 2698 1098 2729 435
1125 2698 1189 2729 436
1215 2699 1342 2738 sidera,
1369 2704 1520 2742 quantas
1545 2703 1708 2742 orientia,

170 2751 290 2780 tantas
317 2748 479 2781 cedentia
504 2749 580 2781 siue
607 2749 803 2781 occidentia
830 2750 1008 2792 accipiunt
1034 2750 1258 2792 perduntque
1285 2751 1478 2784 stadiorum
1507 2758 1629 2793 sortes,
1648 2755 1710 2787 sed

164 2810 338 2832 conuersa
364 2800 462 2842 lege3
497 2801 716 2833 ascensiones
742 2801 834 2833 enim
859 2801 903 2833 ab
927 2802 1051 2833 Ariete
1075 2801 1120 2834 ad
1146 2802 1289 2834 Libram
1312 2807 1484 2844 crescunt,
1503 2804 1710 2839 decrescunt

164 2862 191 2884 a
222 2851 327 2884 Libra
358 2852 402 2884 ad
433 2853 603 2890 Arietem,
632 2852 873 2886 descensiones
903 2864 986 2886 uero
1016 2854 1224 2886 minuuntur
1253 2855 1299 2887 ab
1328 2856 1451 2889 Ariete
1481 2857 1527 2889 ad
1553 2857 1707 2898 Libram,
