1877 3146
182 143 209 181 6
779 141 840 184 M.
873 141 1125 184 MANILII

361 267 482 308 quae,
506 252 640 308 quasi,
662 267 736 308 per
755 253 951 303 mediam,
974 253 1122 295 mundi
1141 254 1399 309 praecordia,
1422 259 1589 309 partem

359 327 578 382 disposita,
601 327 837 377 obtineant,
859 327 1080 368 Phoebum
1098 327 1330 383 lunamque
1349 342 1564 384 uagasque

360 401 562 442 euincunt
581 401 724 442 stellas
745 415 822 442 nec
841 416 927 442 non
947 401 1178 443 uincuntur
1198 407 1241 443 et
1260 402 1364 457 ipsa,

360 474 423 516 his
442 474 627 530 regimen
648 479 801 516 natura
821 475 953 525 dedit,
976 475 1252 531 propriasque
1271 476 1457 518 sacrauit

258 556 303 588 65
358 548 587 603 unicuique
606 548 720 590 uices
739 549 966 604 sanxitque
986 564 1060 604 per
1080 549 1222 591 omnia
1241 564 1466 599 summam,

358 622 546 678 undique
566 622 630 664 uti
650 623 730 664 fati
749 623 860 665 ratio
878 624 1119 666 traheretur
1138 624 1181 665 in
1200 639 1348 666 unum.

358 711 471 747 nam,
497 697 795 752 quodcumque
815 711 945 752 genus
965 712 1117 748 rerum,
1140 703 1430 754 quotcumque
1449 698 1612 740 labores

358 786 551 826 quaeque
572 786 698 827 opera
719 776 849 828 atque
868 777 993 823 artes,
1016 772 1273 828 quicumque
1293 787 1367 828 per
1387 773 1529 814 omnia
1549 787 1671 815 casus

357 845 544 887 humana
563 846 605 887 in
626 846 717 888 uita
737 852 936 901 poterant
957 847 1213 901 contingere,
1235 852 1350 889 sorte

257 927 300 959 70
356 920 562 975 conplexa
581 925 658 971 est,
681 925 748 963 tot
769 926 812 962 et
831 921 873 962 in
895 926 1050 976 partes,
1075 926 1180 976 quot
1201 926 1245 963 et
1264 927 1380 963 astra
1399 921 1573 972 locarat,

168 1080 314 1122 samam
329 1081 535 1120 adsererent,
554 1091 641 1122 quae
657 1091 846 1122 numquam
860 1082 959 1122 sessa
977 1081 1143 1119 uolarent,
1161 1092 1249 1123 quae
1267 1092 1376 1123 uaqas
1397 1081 1489 1114 euin
1497 1087 1590 1114 cant
1611 1082 1725 1115 stellas

176 1142 234 1164 nec
252 1142 317 1164 non
339 1132 566 1164 uincantur
586 1138 616 1164 et
632 1132 721 1174 ipsa.
770 1144 875 1165 uerus
890 1133 976 1166 ordo
992 1137 1047 1165 est
1066 1144 1152 1175 quae
1168 1138 1276 1172 astra,
1296 1144 1363 1175 per
1378 1133 1527 1166 medium
1558 1135 1726 1167 mundum

177 1183 357 1224 disposita,
376 1194 486 1225 uaqas
509 1184 667 1216 euincunt
690 1185 804 1216 stellas
827 1195 885 1217 nec
907 1195 975 1217 non
998 1184 1185 1217 uincuntur
1208 1190 1237 1217 et
1260 1185 1350 1226 ipsa,
1375 1185 1426 1217 his
1449 1185 1553 1217 astris
1575 1186 1726 1227 reyimen

175 1240 306 1268 natura
330 1235 435 1275 dedit,
455 1236 559 1267 astris
575 1235 744 1268 uidelicet
764 1235 896 1268 zodiaci
985 1236 1025 1267 61
1051 1236 1257 1279 interpunxi
1274 1242 1315 1268 ut
1331 1236 1415 1269 ordo
1439 1237 1626 1269 uerborum
1653 1248 1726 1279 per-

175 1287 382 1329 spiceretur,
416 1288 476 1329 qui
507 1287 709 1320 huiusmodi
737 1291 812 1320 est:
842 1287 989 1329 proinde
1008 1298 1075 1329 per
1097 1287 1248 1320 mediam
1267 1293 1407 1329 partem
1433 1288 1601 1329 disposita
1624 1290 1726 1331 quasi

176 1338 298 1370 mundi
335 1338 547 1379 praecordia
584 1338 778 1377 obtineant3
820 1350 932 1381 neque
971 1339 1065 1371 enim
1105 1340 1319 1371 sententiam
1357 1339 1494 1372 faciunt
1531 1339 1639 1372 uerba
1676 1340 1726 1373 sic

177 1390 376 1429 coniuncta,
397 1389 556 1422 euincum
579 1391 692 1422 stellas
711 1390 857 1432 proinde
879 1390 981 1432 quasi
999 1391 1122 1423 mundi
1139 1391 1349 1432 praecordia
1370 1391 1550 1424 obtineant.
1599 1391 1725 1434 hyper-

178 1441 253 1474 bati
277 1441 438 1484 exempla
461 1442 658 1474 Maniliana
680 1441 725 1474 ad
750 1451 763 1473 1
787 1443 828 1474 58
857 1442 991 1484 collegi,
1018 1442 1146 1484 quibus
1170 1442 1336 1474 accedere
1352 1442 1483 1475 debent
1506 1452 1536 1475 11
1559 1444 1635 1483 369,
1662 1445 1726 1476 814

176 1493 358 1535 quidquid,
386 1499 434 1533 ut,
462 1493 619 1532 emineat,
651 1493 716 1525 sibi
743 1493 893 1526 uindicet
993 1494 1117 1526 mundi
1142 1494 1351 1535 praecordia
1379 1503 1393 1526 1
1425 1495 1464 1529 17
1493 1495 1620 1527 intima
1648 1495 1724 1528 eius

179 1544 390 1586 significant,
410 1545 474 1577 hoc
498 1555 601 1577 uersu
623 1545 718 1577 inter
738 1545 837 1587 polos
855 1545 971 1577 media
1059 1545 1100 1576 62
1117 1548 1292 1584 disposita
1307 1549 1365 1584 GL,
1386 1549 1548 1585 deposita
1563 1549 1598 1578 M
1685 1546 1727 1578 68

176 1599 346 1629 euincunt
361 1600 404 1635 Μ,
425 1600 462 1629 et
477 1599 627 1628 uincunt
643 1599 693 1628 GL
780 1599 974 1629 uincuntur
989 1596 1064 1629 cod.
1085 1596 1257 1636 Cusanus,
1275 1599 1434 1629 uincitur
1449 1600 1493 1636 M,
1509 1599 1673 1630 uincetur
1687 1600 1721 1637 1.‚

177 1650 364 1680 uincentur
383 1648 456 1687 (ΠΡ,
478 1650 669 1680 uincantur
688 1647 763 1680 cod.
784 1647 942 1680 Venetus
1031 1648 1201 1688 euincunt,
1223 1659 1325 1680 cursu
1347 1652 1526 1691 superant,
1546 1660 1586 1681 ac
1603 1659 1724 1682 rursus

178 1700 356 1732 interdum
374 1711 394 1731 a
410 1700 564 1742 quinque
581 1700 694 1731 stellis
711 1700 908 1739 uincuntur,
928 1710 997 1731 non
1014 1710 1097 1731 sane
1120 1710 1140 1732 a
1164 1700 1235 1732 sole
1257 1703 1319 1732 aut
1336 1700 1428 1732 luna.
1478 1701 1616 1733 Gemin.
1635 1701 1720 1743 isag.

181 1752 221 1783 12
247 1752 290 1783 22
317 1753 429 1783 ἐκεῖνοι
462 1753 503 1790 (οἱ
535 1754 630 1783 πέντε
663 1753 827 1790 πλανῆται
858 1752 1008 1793 ἀστέρεσ)
1041 1752 1094 1783 ὁτὲ
1122 1753 1180 1790 μὲν
1213 1753 1441 1784 ὑπολείπονται
1473 1754 1536 1783 τῶν
1568 1754 1722 1785 ἀπλανῶν

177 1804 319 1844 ἀστέρων
333 1804 385 1835 ὁτὲ
398 1804 432 1835 δὲ
444 1805 661 1844 προηγοῦνται
748 1802 789 1833 65
803 1812 976 1834 summam
990 1802 1154 1845 Scaliger,
1169 1812 1307 1835 summa
1319 1803 1411 1835 libri.
1460 1803 1577 1836 omnia
1588 1814 1722 1836 summa

179 1854 264 1896 quid
281 1854 329 1886 sit
345 1864 519 1896 quamque
543 1854 586 1886 ab
609 1854 675 1886 hoc
698 1854 774 1886 loco
797 1854 951 1886 alienum
975 1854 1063 1886 disci
1086 1858 1205 1896 potest
1228 1865 1269 1886 ex
1294 1854 1365 1887 Cic.
1386 1865 1450 1897 pro
1467 1855 1577 1887 Marc.
1598 1856 1636 1887 21
1656 1866 1722 1897 quo

176 1906 261 1938 duce
284 1905 400 1938 omnia
425 1916 557 1938 summa
582 1905 626 1937 sit
651 1906 807 1947 adeptus,
833 1906 879 1937 ad
904 1906 982 1938 Att.
1012 1915 1063 1937 XV
1093 1906 1132 1938 13
1159 1907 1179 1938 5
1205 1916 1271 1938 sese
1295 1907 1337 1938 de
1363 1906 1581 1939 attributione
1605 1907 1721 1940 omnia

177 1967 312 1990 summa
326 1957 460 1998 fecisse.
510 1957 665 1999 Scaliger
689 1968 793 1999 quam
817 1957 1021 1999 imprudens
1042 1957 1174 1990 fecerat
1195 1957 1475 1990 emendationem
1497 1959 1655 2000 corrupit
1671 1959 1720 1991 sic

179 2008 363 2041 scribendo
387 2008 720 2051 distinguendoque,
746 2009 927 2050 sanaeitque
950 2019 1015 2050 per
1037 2009 1164 2048 omnia,
1191 2019 1359 2041 summam
1378 2008 1382 2052 Ι
1403 2009 1554 2051 undique
1577 2010 1627 2042 uti
1645 2010 1722 2050 fati

178 2060 269 2092 ratio
296 2061 491 2092 traheretur
520 2060 557 2092 in
588 2071 730 2099 unam;
765 2071 845 2092 nam
873 2064 909 2092 et
934 2061 1046 2093 multo
1075 2060 1198 2092 melius
1225 2060 1262 2092 in
1289 2071 1395 2092 unum
1421 2071 1525 2103 quam
1553 2061 1589 2093 in
1613 2072 1721 2094 ‘etnam

177 2123 349 2144 summam
365 2111 428 2143 fati
447 2112 537 2143 ratio
553 2112 709 2154 undique
730 2112 824 2144 trahi
844 2111 986 2151 dicitur,
1006 2123 1084 2144 cum
1105 2111 1322 2154 significetur
1343 2112 1516 2151 zodiacus,
1535 2117 1572 2144 et
1588 2114 1720 2155 optime

181 2164 275 2195 inter
290 2174 326 2195 se
343 2163 558 2205 respondent
576 2163 776 2204 proprias
797 2163 951 2195 sacrauit
972 2163 1194 2205 unicuique
1216 2163 1305 2195 uices
1321 2167 1357 2195 et
1372 2163 1488 2195 sanxit
1508 2174 1571 2205 per
1585 2166 1720 2197 omnia

181 2225 387 2254 summam,
417 2214 482 2246 hoc
506 2217 559 2246 est
585 2225 648 2257 per
675 2215 791 2246 omnia
814 2214 998 2247 duodecim
1025 2218 1120 2246 astra
1147 2225 1318 2246 summam
1345 2225 1461 2247 rerum
1489 2215 1721 2248 humanarum

180 2267 299 2298 sanxit
386 2266 428 2297 66
443 2268 511 2298 fati
523 2266 804 2305 Bonincontrius,
819 2269 934 2298 fatum
950 2266 1032 2298 libri
1117 2266 1158 2297 67
1171 2269 1407 2305 quotcumque
1419 2267 1442 2289 ‘¹'
1458 2267 1722 2310 perspicuitatis

180 2328 297 2357 causa,
323 2320 578 2356 quodcumque,
597 2317 690 2360 quod
715 2317 808 2349 idem
831 2321 897 2356 est,
916 2317 1009 2357 libri,
1031 2321 1137 2359 atque
1154 2318 1205 2350 ita
1221 2317 1437 2360 plerumque,
1455 2319 1554 2350 uelut
1577 2329 1656 2351 mox
1680 2319 1722 2354 70

179 2369 273 2411 rquod
298 2372 368 2408 LM,
394 2374 472 2411 quot
500 2372 525 2401 G
611 2372 750 2401 labores
773 2372 817 2408 Μ,
842 2372 1005 2401 laborum
1027 2372 1077 2401 GL
1099 2368 1143 2400 ob
1167 2369 1420 2411 ignorationem
1446 2370 1577 2402 ueteris
1603 2370 1720 2402 ortho-

182 2420 359 2462 graphiae.
408 2421 524 2452 minus
548 2422 630 2462 apte
654 2431 782 2462 genera
806 2420 963 2452 laborum
991 2431 1094 2462 quam
1123 2420 1316 2453 multitudo
1343 2424 1635 2454 commemoratur

226 2471 267 2502 68
291 2482 451 2513 quaeque,
471 2474 507 2504 et
528 2482 787 2513 quaecumque:
813 2480 843 2503 11
862 2472 925 2506 337
944 2482 994 2514 sq.
1018 2471 1283 2513 quiscumque
1301 2496 1308 2504 .
1326 2496 1333 2504 .
1351 2496 1358 2504 .
1371 2473 1473 2513 fauet
1495 2473 1642 2514 anqulus
1658 2498 1665 2505 .
1684 2497 1691 2505 .
1708 2497 1716 2505 .

183 2532 362 2564 quaeque
386 2524 473 2555 loca
490 2547 497 2555 .
515 2547 522 2555 .
540 2548 547 2555 .
568 2522 713 2564 siqnarit
737 2522 839 2562 linea,
865 2523 970 2565 Verg.
998 2523 1101 2555 catal.
1124 2524 1174 2555 41
1197 2533 1247 2565 sq.
1267 2533 1509 2565 quocumque
1532 2523 1582 2556 ire
1602 2524 1720 2564 ferunt

184 2574 308 2606 uariae
327 2585 388 2606 nos
409 2579 561 2616 tempora
581 2574 685 2613 uitae,
708 2574 713 2615 Ι
734 2579 870 2615 tanyere
894 2584 993 2615 quas
1016 2579 1127 2607 terras
1150 2585 1323 2616 quosque
1347 2575 1462 2607 uidere
1485 2575 1634 2607 homines

228 2625 270 2656 69
293 2629 388 2658 sorte
408 2629 434 2657 G
456 2625 531 2657 eod.
555 2626 722 2665 Venetus,
742 2629 874 2658 sortem
894 2629 963 2664 LM,
982 2626 1075 2667 quod
1100 2630 1140 2657 ut
1163 2626 1297 2658 seruari
1317 2630 1437 2668 posset
1459 2625 1612 2668 Scaliger
1627 2626 1682 2658 ed.
1702 2629 1717 2659 1

185 2677 371 2709 humanam
387 2677 539 2718 scripsit,
554 2677 849 2719 quemadmodum
865 2687 936 2709 sors
958 2677 1172 2719 Tyrrhenum
1186 2677 1322 2718 contiqit
1339 2677 1495 2709 Velleius
1511 2677 1603 2710 dixit
1619 2687 1632 2710 1
1651 2680 1665 2710 1
1685 2680 1717 2718 4,

184 2728 359 2761 rarissimo
377 2728 533 2770 exemplo
549 2741 555 2759 :
580 2728 807 2760 intransitiue
823 2729 968 2770 ponitur
980 2728 1206 2770 contingendi
1223 2728 1367 2761 uerbum
1384 2738 1429 2760 111
1448 2729 1508 2761 109
1524 2728 1719 2770 continqant

177 2780 341 2822 praemia
363 2784 494 2821 quanta
512 2783 548 2811 et
569 2780 630 2811 124
646 2790 695 2821 sq.
716 2779 838 2821 quanti
858 2779 862 2821 1
882 2779 1077 2821 contin-qaut
1097 2791 1187 2819 usus,
1207 2791 1293 2822 quos
1311 2780 1403 2812 locos
1419 2780 1462 2812 ad
1480 2789 1508 2812 11
1525 2781 1588 2813 825
1611 2781 1719 2813 attuli

272 2831 492 2873 interpunxit
519 2831 644 2871 Fayus,
671 2831 755 2872 quia
781 2841 850 2862 non
877 2834 949 2862 tam
974 2830 1061 2863 bene
1085 2842 1186 2863 casus
1209 2834 1303 2863 sorte
1326 2832 1528 2873 contingere
1550 2831 1718 2864 dicuntur

184 2894 290 2927 quam
317 2888 444 2914 natura
470 2892 570 2914 casus
597 2886 691 2914 artes
718 2893 823 2924 opera
850 2882 986 2915 labores
1010 2885 1116 2922 sorte,
1143 2882 1207 2915 hoc
1234 2885 1287 2915 est
1314 2883 1511 2921 sortitione,
1537 2883 1718 2925 complexa
