<?xml version="1.0" encoding="UTF-8"?>
<!DOCTYPE html PUBLIC "-//W3C//DTD XHTML 1.0 Transitional//EN"
    "http://www.w3.org/TR/xhtml1/DTD/xhtml1-transitional.dtd">
<html xmlns="http://www.w3.org/1999/xhtml" xml:lang="en" lang="en">
 <head>
  <title>
</title>
<meta http-equiv="Content-Type" content="text/html;charset=utf-8" />
  <meta name='ocr-system' content='tesseract 3.04.00' />
  <meta name='ocr-capabilities' content='ocr_page ocr_carea ocr_par ocr_line ocrx_word'/>
</head>
<body>
  <div class='ocr_page' id='page_1' title='image "astronomiconrece03maniuoft_0059.png"; bbox 0 0 1877 3146; ppageno 0'>
   <div class='ocr_carea' id='block_1_1' title="bbox 639 164 1717 208">
    <p class='ocr_par' dir='ltr' id='par_1_1' title="bbox 639 164 1717 208">
     <span class='ocr_line' id='line_1_1' title="bbox 639 164 1717 208; baseline -0.001 -1"><span class='ocrx_word' id='word_1_1' title='bbox 639 164 1123 208; x_wconf 84' lang='lat' dir='ltr'>ASTRONOMICON</span> <span class='ocrx_word' id='word_1_2' title='bbox 1166 165 1241 207; x_wconf 89' lang='lat' dir='ltr'>III</span> <span class='ocrx_word' id='word_1_3' title='bbox 1657 168 1717 206; x_wconf 81' lang='lat'>25</span> 
     </span>
    </p>
   </div>
   <div class='ocr_carea' id='block_1_2' title="bbox 228 276 1522 925">
    <p class='ocr_par' dir='ltr' id='par_1_2' title="bbox 228 276 1522 925">
     <span class='ocr_line' id='line_1_2' title="bbox 351 276 1462 332; baseline 0.001 -15"><span class='ocrx_word' id='word_1_4' title='bbox 351 276 460 317; x_wconf 87' lang='lat' dir='ltr'>dena</span> <span class='ocrx_word' id='word_1_5' title='bbox 481 281 632 331; x_wconf 88' lang='lat' dir='ltr'>quater</span> <span class='ocrx_word' id='word_1_6' title='bbox 651 276 793 318; x_wconf 88' lang='lat' dir='ltr'>stadia</span> <span class='ocrx_word' id='word_1_7' title='bbox 813 277 1004 318; x_wconf 81' lang='lat' dir='ltr'>exoriens</span> <span class='ocrx_word' id='word_1_8' title='bbox 1024 277 1326 332; x_wconf 87' lang='lat' dir='ltr'>duplicataque</span> <span class='ocrx_word' id='word_1_9' title='bbox 1345 276 1462 318; x_wconf 88' lang='lat' dir='ltr'>ducit</span> 
     </span>
     <span class='ocr_line' id='line_1_3' title="bbox 228 350 1522 406; baseline 0.002 -17"><span class='ocrx_word' id='word_1_10' title='bbox 228 357 296 389; x_wconf 86' lang='lat'>280</span> <span class='ocrx_word' id='word_1_11' title='bbox 352 365 450 392; x_wconf 89' lang='lat' dir='ltr'>cum</span> <span class='ocrx_word' id='word_1_12' title='bbox 469 350 597 400; x_wconf 88' lang='lat' dir='ltr'>cadit,</span> <span class='ocrx_word' id='word_1_13' title='bbox 620 355 751 405; x_wconf 85' lang='lat' dir='ltr'>atque</span> <span class='ocrx_word' id='word_1_14' title='bbox 772 351 920 392; x_wconf 86' lang='lat' dir='ltr'>horam</span> <span class='ocrx_word' id='word_1_15' title='bbox 938 365 1111 406; x_wconf 85' lang='lat' dir='ltr'>surgens</span> <span class='ocrx_word' id='word_1_16' title='bbox 1132 351 1304 406; x_wconf 89' lang='lat' dir='ltr'>eiusque</span> <span class='ocrx_word' id='word_1_17' title='bbox 1322 351 1522 393; x_wconf 88' lang='lat' dir='ltr'>trientem</span> 
     </span>
     <span class='ocr_line' id='line_1_4' title="bbox 352 425 1435 480; baseline 0 -14"><span class='ocrx_word' id='word_1_18' title='bbox 352 430 546 480; x_wconf 83' lang='lat' dir='ltr'>occupat,</span> <span class='ocrx_word' id='word_1_19' title='bbox 568 425 767 466; x_wconf 90' lang='lat' dir='ltr'>occiduus</span> <span class='ocrx_word' id='word_1_20' title='bbox 787 425 986 480; x_wconf 89' lang='lat' dir='ltr'>geminat.</span> <span class='ocrx_word' id='word_1_21' title='bbox 1045 430 1141 467; x_wconf 90' lang='lat' dir='ltr'>tum</span> <span class='ocrx_word' id='word_1_22' title='bbox 1160 431 1298 467; x_wconf 88' lang='lat' dir='ltr'>cetera</span> <span class='ocrx_word' id='word_1_23' title='bbox 1317 425 1435 480; x_wconf 89' lang='lat' dir='ltr'>signa</span> 
     </span>
     <span class='ocr_line' id='line_1_5' title="bbox 353 499 1324 541; baseline 0.001 -1"><span class='ocrx_word' id='word_1_24' title='bbox 353 499 516 541; x_wconf 87' lang='lat' dir='ltr'>octonis</span> <span class='ocrx_word' id='word_1_25' title='bbox 535 505 730 541; x_wconf 85' lang='lat' dir='ltr'>crescunt</span> <span class='ocrx_word' id='word_1_26' title='bbox 748 499 897 541; x_wconf 87' lang='lat' dir='ltr'>stadiis</span> <span class='ocrx_word' id='word_1_27' title='bbox 917 499 1095 541; x_wconf 86' lang='lat' dir='ltr'>orientia</span> <span class='ocrx_word' id='word_1_28' title='bbox 1115 499 1158 541; x_wconf 92' lang='lat' dir='ltr'>in</span> <span class='ocrx_word' id='word_1_29' title='bbox 1178 500 1324 541; x_wconf 88' lang='lat' dir='ltr'>orbem</span> 
     </span>
     <span class='ocr_line' id='line_1_6' title="bbox 354 573 1507 629; baseline 0.001 -15"><span class='ocrx_word' id='word_1_30' title='bbox 354 578 396 614; x_wconf 89' lang='lat' dir='ltr'>et</span> <span class='ocrx_word' id='word_1_31' title='bbox 414 573 598 615; x_wconf 88' lang='lat' dir='ltr'>totidem</span> <span class='ocrx_word' id='word_1_32' title='bbox 618 573 827 615; x_wconf 89' lang='lat' dir='ltr'>amittunt</span> <span class='ocrx_word' id='word_1_33' title='bbox 847 573 1005 629; x_wconf 89' lang='lat' dir='ltr'>gelidas</span> <span class='ocrx_word' id='word_1_34' title='bbox 1025 574 1241 629; x_wconf 87' lang='lat' dir='ltr'>uergentia</span> <span class='ocrx_word' id='word_1_35' title='bbox 1261 574 1304 615; x_wconf 93' lang='lat' dir='ltr'>in</span> <span class='ocrx_word' id='word_1_36' title='bbox 1324 574 1507 616; x_wconf 87' lang='lat' dir='ltr'>umbras.</span> 
     </span>
     <span class='ocr_line' id='line_1_7' title="bbox 354 647 1430 703; baseline 0.001 -15"><span class='ocrx_word' id='word_1_37' title='bbox 354 648 456 689; x_wconf 90' lang='lat' dir='ltr'>hora</span> <span class='ocrx_word' id='word_1_38' title='bbox 477 662 588 689; x_wconf 92' lang='lat' dir='ltr'>nouo</span> <span class='ocrx_word' id='word_1_39' title='bbox 609 647 758 689; x_wconf 89' lang='lat' dir='ltr'>crescit</span> <span class='ocrx_word' id='word_1_40' title='bbox 777 662 851 703; x_wconf 84' lang='lat' dir='ltr'>per</span> <span class='ocrx_word' id='word_1_41' title='bbox 869 648 1034 703; x_wconf 88' lang='lat' dir='ltr'>singula</span> <span class='ocrx_word' id='word_1_42' title='bbox 1053 648 1171 703; x_wconf 88' lang='lat' dir='ltr'>signa</span> <span class='ocrx_word' id='word_1_43' title='bbox 1192 647 1430 703; x_wconf 71' lang='lat' dir='ltr'>quadrante</span> 
     </span>
     <span class='ocr_line' id='line_1_8' title="bbox 230 721 1387 777; baseline 0.003 -17"><span class='ocrx_word' id='word_1_44' title='bbox 230 729 300 760; x_wconf 86' lang='lat'>285</span> <span class='ocrx_word' id='word_1_45' title='bbox 354 721 567 776; x_wconf 85' lang='lat' dir='ltr'>tertiaque</span> <span class='ocrx_word' id='word_1_46' title='bbox 586 736 605 763; x_wconf 89' lang='lat' dir='ltr'>e</span> <span class='ocrx_word' id='word_1_47' title='bbox 626 721 776 776; x_wconf 88' lang='lat' dir='ltr'>quinta</span> <span class='ocrx_word' id='word_1_48' title='bbox 793 736 892 776; x_wconf 76' lang='lat' dir='ltr'>pars</span> <span class='ocrx_word' id='word_1_49' title='bbox 912 727 1034 777; x_wconf 83' lang='lat' dir='ltr'>parte</span> <span class='ocrx_word' id='word_1_50' title='bbox 1054 721 1269 764; x_wconf 71' lang='lat' dir='ltr'>inducitur</span> <span class='ocrx_word' id='word_1_51' title='bbox 1289 722 1387 764; x_wconf 88' lang='lat' dir='ltr'>eius.</span> 
     </span>
     <span class='ocr_line' id='line_1_9' title="bbox 355 795 1392 851; baseline 0.001 -15"><span class='ocrx_word' id='word_1_52' title='bbox 355 796 456 837; x_wconf 88' lang='lat' dir='ltr'>haec</span> <span class='ocrx_word' id='word_1_53' title='bbox 477 801 578 838; x_wconf 90' lang='lat' dir='ltr'>sunt</span> <span class='ocrx_word' id='word_1_54' title='bbox 599 795 654 837; x_wconf 89' lang='lat' dir='ltr'>ad</span> <span class='ocrx_word' id='word_1_55' title='bbox 674 795 825 837; x_wconf 80' lang='lat' dir='ltr'>Librae</span> <span class='ocrx_word' id='word_1_56' title='bbox 844 795 960 837; x_wconf 90' lang='lat' dir='ltr'>sidus</span> <span class='ocrx_word' id='word_1_57' title='bbox 979 795 1248 851; x_wconf 68' lang='lat' dir='ltr'>surgentibus</span> <span class='ocrx_word' id='word_1_58' title='bbox 1268 797 1392 838; x_wconf 89' lang='lat' dir='ltr'>astris</span> 
     </span>
     <span class='ocr_line' id='line_1_10' title="bbox 355 869 1435 925; baseline 0.002 -14"><span class='ocrx_word' id='word_1_59' title='bbox 355 870 615 912; x_wconf 86' lang='lat' dir='ltr'>incrementa</span> <span class='ocrx_word' id='word_1_60' title='bbox 636 885 644 912; x_wconf 78' lang='lat' dir='ltr'>t</span> <span class='ocrx_word' id='word_1_61' title='bbox 681 870 772 925; x_wconf 88' lang='lat' dir='ltr'>pari</span> <span class='ocrx_word' id='word_1_62' title='bbox 793 876 1009 912; x_wconf 89' lang='lat' dir='ltr'>momento</span> <span class='ocrx_word' id='word_1_63' title='bbox 1029 869 1186 912; x_wconf 87' lang='lat' dir='ltr'>damna</span> <span class='ocrx_word' id='word_1_64' title='bbox 1205 871 1435 913; x_wconf 85' lang='lat' dir='ltr'>trahuntur</span> 
     </span>
    </p>
   </div>
   <div class='ocr_carea' id='block_1_3' title="bbox 175 1063 1726 1725">
    <p class='ocr_par' dir='ltr' id='par_1_3' title="bbox 175 1063 1628 1107">
     <span class='ocr_line' id='line_1_11' title="bbox 175 1063 1628 1107; baseline 0.002 -13"><span class='ocrx_word' id='word_1_65' title='bbox 175 1073 290 1095; x_wconf 83' lang='lat' dir='ltr'>rerum</span> <span class='ocrx_word' id='word_1_66' title='bbox 305 1075 314 1102; x_wconf 70' lang='grc' dir='ltr'><strong><em>ς</em></strong></span> <span class='ocrx_word' id='word_1_67' title='bbox 338 1063 440 1106; x_wconf 84' lang='lat' dir='ltr'>longe</span> <span class='ocrx_word' id='word_1_68' title='bbox 462 1064 566 1097; x_wconf 85' lang='lat' dir='ltr'>aliter</span> <span class='ocrx_word' id='word_1_69' title='bbox 582 1074 611 1096; x_wconf 95' lang='lat'>11</span> <span class='ocrx_word' id='word_1_70' title='bbox 628 1065 691 1097; x_wconf 77' lang='lat'>928</span> <span class='ocrx_word' id='word_1_71' title='bbox 707 1069 743 1096; x_wconf 88' lang='lat' dir='ltr'>ut</span> <span class='ocrx_word' id='word_1_72' title='bbox 760 1064 877 1097; x_wconf 80' lang='lat' dir='ltr'>breuia</span> <span class='ocrx_word' id='word_1_73' title='bbox 893 1065 929 1097; x_wconf 80' lang='lat' dir='ltr'>in</span> <span class='ocrx_word' id='word_1_74' title='bbox 945 1065 1043 1106; x_wconf 74' lang='grc' dir='ltr'><em>ῖοηῃο</em></span> <span class='ocrx_word' id='word_1_75' title='bbox 1064 1065 1266 1106; x_wconf 78' lang='lat' dir='ltr'>compendia</span> <span class='ocrx_word' id='word_1_76' title='bbox 1289 1067 1439 1098; x_wconf 82' lang='lat' dir='ltr'>carmiue</span> <span class='ocrx_word' id='word_1_77' title='bbox 1458 1071 1628 1107; x_wconf 73' lang='lat' dir='ltr'>praestem</span> 
     </span>
    </p>

    <p class='ocr_par' dir='ltr' id='par_1_4' title="bbox 175 1114 1726 1725">
     <span class='ocr_line' id='line_1_12' title="bbox 217 1114 1722 1158; baseline 0.003 -13"><span class='ocrx_word' id='word_1_78' title='bbox 217 1114 282 1146; x_wconf 79' lang='lat'>279</span> <span class='ocrx_word' id='word_1_79' title='bbox 298 1115 403 1154; x_wconf 84' lang='lat' dir='ltr'>ducit,</span> <span class='ocrx_word' id='word_1_80' title='bbox 422 1117 564 1158; x_wconf 86' lang='lat' dir='ltr'>accipit,</span> <span class='ocrx_word' id='word_1_81' title='bbox 583 1116 675 1148; x_wconf 89' lang='lat' dir='ltr'>sicut</span> <span class='ocrx_word' id='word_1_82' title='bbox 691 1116 811 1148; x_wconf 90' lang='lat' dir='ltr'>eadem</span> <span class='ocrx_word' id='word_1_83' title='bbox 828 1119 911 1148; x_wconf 83' lang='lat' dir='ltr'>sunt</span> <span class='ocrx_word' id='word_1_84' title='bbox 928 1117 992 1149; x_wconf 80' lang='lat'>404</span> <span class='ocrx_word' id='word_1_85' title='bbox 1007 1127 1093 1158; x_wconf 82' lang='lat' dir='ltr'>quas</span> <span class='ocrx_word' id='word_1_86' title='bbox 1109 1117 1251 1158; x_wconf 73' lang='lat' dir='ltr'>accipiet</span> <span class='ocrx_word' id='word_1_87' title='bbox 1268 1117 1449 1149; x_wconf 77' lang='lat' dir='ltr'>Nemeeius</span> <span class='ocrx_word' id='word_1_88' title='bbox 1470 1117 1572 1149; x_wconf 83' lang='lat' dir='ltr'>horas</span> <span class='ocrx_word' id='word_1_89' title='bbox 1595 1121 1631 1150; x_wconf 90' lang='lat' dir='ltr'>et</span> <span class='ocrx_word' id='word_1_90' title='bbox 1652 1118 1722 1150; x_wconf 86' lang='lat'>409·</span> 
     </span>
     <span class='ocr_line' id='line_1_13' title="bbox 175 1168 1715 1210; baseline 0.003 -13"><span class='ocrx_word' id='word_1_91' title='bbox 175 1176 277 1207; x_wconf 82' lang='lat' dir='ltr'>quam</span> <span class='ocrx_word' id='word_1_92' title='bbox 311 1168 508 1207; x_wconf 87' lang='lat' dir='ltr'>(summam)</span> <span class='ocrx_word' id='word_1_93' title='bbox 545 1168 735 1200; x_wconf 83' lang='lat' dir='ltr'>Nemeaeus</span> <span class='ocrx_word' id='word_1_94' title='bbox 768 1169 938 1206; x_wconf 69' lang='lat' dir='ltr'>duaeerat;</span> <span class='ocrx_word' id='word_1_95' title='bbox 977 1168 1141 1200; x_wconf 85' lang='lat' dir='ltr'>similiter</span> <span class='ocrx_word' id='word_1_96' title='bbox 1178 1179 1281 1200; x_wconf 86' lang='lat' dir='ltr'>uersu</span> <span class='ocrx_word' id='word_1_97' title='bbox 1316 1170 1377 1201; x_wconf 85' lang='lat'>281</span> <span class='ocrx_word' id='word_1_98' title='bbox 1413 1175 1554 1210; x_wconf 79' lang='lat' dir='ltr'>occupat</span> <span class='ocrx_word' id='word_1_99' title='bbox 1652 1170 1715 1201; x_wconf 85' lang='lat'>281</span> 
     </span>
     <span class='ocr_line' id='line_1_14' title="bbox 175 1217 1713 1262; baseline 0.002 -13"><span class='ocrx_word' id='word_1_100' title='bbox 175 1219 340 1249; x_wconf 81' lang='lat' dir='ltr'>occiduus</span> <span class='ocrx_word' id='word_1_101' title='bbox 355 1217 430 1257; x_wconf 59' lang='grc' dir='ltr'>(ΗΡ,</span> <span class='ocrx_word' id='word_1_102' title='bbox 448 1221 621 1251; x_wconf 83' lang='lat' dir='ltr'>occidusis</span> <span class='ocrx_word' id='word_1_103' title='bbox 636 1222 671 1258; x_wconf 89' lang='lat' dir='ltr'>L,</span> <span class='ocrx_word' id='word_1_104' title='bbox 689 1221 830 1250; x_wconf 86' lang='lat' dir='ltr'>occidus</span> <span class='ocrx_word' id='word_1_105' title='bbox 848 1222 882 1250; x_wconf 90' lang='grc' dir='ltr'><strong>Μ</strong></span> <span class='ocrx_word' id='word_1_106' title='bbox 897 1222 938 1251; x_wconf 91' lang='lat' dir='ltr'>ut</span> <span class='ocrx_word' id='word_1_107' title='bbox 953 1219 1018 1251; x_wconf 79' lang='lat'>292</span> <span class='ocrx_word' id='word_1_108' title='bbox 1100 1223 1178 1251; x_wconf 90' lang='lat' dir='ltr'>tum</span> <span class='ocrx_word' id='word_1_109' title='bbox 1196 1219 1506 1262; x_wconf 81' lang='lat' dir='ltr'>Regiomontanus,</span> <span class='ocrx_word' id='word_1_110' title='bbox 1525 1229 1605 1252; x_wconf 87' lang='lat' dir='ltr'>cum</span> <span class='ocrx_word' id='word_1_111' title='bbox 1620 1220 1713 1259; x_wconf 86' lang='lat' dir='ltr'>libri,</span> 
     </span>
     <span class='ocr_line' id='line_1_15' title="bbox 176 1269 1718 1314; baseline 0.003 -14"><span class='ocrx_word' id='word_1_112' title='bbox 176 1269 232 1300; x_wconf 89' lang='lat' dir='ltr'>cui</span> <span class='ocrx_word' id='word_1_113' title='bbox 259 1269 372 1301; x_wconf 87' lang='lat' dir='ltr'>subici</span> <span class='ocrx_word' id='word_1_114' title='bbox 396 1269 522 1302; x_wconf 87' lang='lat' dir='ltr'>debere</span> <span class='ocrx_word' id='word_1_115' title='bbox 543 1270 807 1302; x_wconf 87' lang='lat' dir='ltr'>subiunctiuum</span> <span class='ocrx_word' id='word_1_116' title='bbox 832 1271 993 1312; x_wconf 87' lang='lat' dir='ltr'>quamuis</span> <span class='ocrx_word' id='word_1_117' title='bbox 1015 1270 1151 1302; x_wconf 82' lang='lat' dir='ltr'>inuitus</span> <span class='ocrx_word' id='word_1_118' title='bbox 1170 1272 1280 1303; x_wconf 87' lang='lat' dir='ltr'>sensit</span> <span class='ocrx_word' id='word_1_119' title='bbox 1296 1271 1451 1313; x_wconf 86' lang='lat' dir='ltr'>Scaliger</span> <span class='ocrx_word' id='word_1_120' title='bbox 1537 1272 1602 1303; x_wconf 85' lang='lat'>282</span> <span class='ocrx_word' id='word_1_121' title='bbox 1624 1272 1718 1314; x_wconf 90' lang='lat' dir='ltr'>quod</span> 
     </span>
     <span class='ocr_line' id='line_1_16' title="bbox 176 1321 1726 1365; baseline 0.001 -12"><span class='ocrx_word' id='word_1_122' title='bbox 176 1321 232 1352; x_wconf 90' lang='lat' dir='ltr'>hic</span> <span class='ocrx_word' id='word_1_123' title='bbox 256 1324 293 1353; x_wconf 86' lang='lat' dir='ltr'>et</span> <span class='ocrx_word' id='word_1_124' title='bbox 315 1322 380 1354; x_wconf 83' lang='lat'>290</span> <span class='ocrx_word' id='word_1_125' title='bbox 402 1322 500 1364; x_wconf 86' lang='lat' dir='ltr'>signa</span> <span class='ocrx_word' id='word_1_126' title='bbox 522 1333 675 1354; x_wconf 86' lang='lat' dir='ltr'>crescere</span> <span class='ocrx_word' id='word_1_127' title='bbox 698 1323 796 1362; x_wconf 90' lang='lat' dir='ltr'>dicit,</span> <span class='ocrx_word' id='word_1_128' title='bbox 816 1324 896 1355; x_wconf 88' lang='lat' dir='ltr'>uult</span> <span class='ocrx_word' id='word_1_129' title='bbox 912 1326 1071 1365; x_wconf 88' lang='lat' dir='ltr'>tempora</span> <span class='ocrx_word' id='word_1_130' title='bbox 1094 1334 1213 1354; x_wconf 87' lang='lat' dir='ltr'>eorum</span> <span class='ocrx_word' id='word_1_131' title='bbox 1235 1334 1408 1355; x_wconf 86' lang='lat' dir='ltr'>crescere:</span> <span class='ocrx_word' id='word_1_132' title='bbox 1437 1326 1445 1340; x_wconf 94' lang='lat'>‘</span> <span class='ocrx_word' id='word_1_133' title='bbox 1459 1323 1726 1355; x_wconf 75' lang='lat' dir='ltr'>ascensionibus-</span> 
     </span>
     <span class='ocr_line' id='line_1_17' title="bbox 176 1372 1712 1416; baseline 0.002 -12"><span class='ocrx_word' id='word_1_134' title='bbox 176 1372 348 1404; x_wconf 87' lang='lat' dir='ltr'>accedunt</span> <span class='ocrx_word' id='word_1_135' title='bbox 375 1378 501 1405; x_wconf 87' lang='lat' dir='ltr'>octona</span> <span class='ocrx_word' id='word_1_136' title='bbox 526 1374 654 1413; x_wconf 87' lang='lat' dir='ltr'>stadia,</span> <span class='ocrx_word' id='word_1_137' title='bbox 682 1374 861 1406; x_wconf 81' lang='lat' dir='ltr'>occasibus</span> <span class='ocrx_word' id='word_1_138' title='bbox 887 1374 1081 1406; x_wconf 87' lang='lat' dir='ltr'>decedunt’</span> <span class='ocrx_word' id='word_1_139' title='bbox 1108 1374 1262 1416; x_wconf 83' lang='lat' dir='ltr'>Scaliger</span> <span class='ocrx_word' id='word_1_140' title='bbox 1350 1375 1413 1406; x_wconf 83' lang='lat'>283</span> <span class='ocrx_word' id='word_1_141' title='bbox 1436 1377 1612 1407; x_wconf 86' lang='lat' dir='ltr'>amittunt</span> <span class='ocrx_word' id='word_1_142' title='bbox 1638 1375 1712 1407; x_wconf 91' lang='lat' dir='ltr'>cod.</span> 
     </span>
     <span class='ocr_line' id='line_1_18' title="bbox 176 1423 1716 1467; baseline 0.001 -11"><span class='ocrx_word' id='word_1_143' title='bbox 176 1423 293 1463; x_wconf 90' lang='lat' dir='ltr'>Bodl.‚</span> <span class='ocrx_word' id='word_1_144' title='bbox 326 1427 525 1457; x_wconf 86' lang='lat' dir='ltr'>admittunt</span> <span class='ocrx_word' id='word_1_145' title='bbox 555 1428 638 1457; x_wconf 82' lang='lat' dir='ltr'>GLM</span> <span class='ocrx_word' id='word_1_146' title='bbox 727 1428 864 1463; x_wconf 80' lang='lat' dir='ltr'>gelidas</span> <span class='ocrx_word' id='word_1_147' title='bbox 894 1428 1079 1463; x_wconf 86' lang='lat' dir='ltr'>uergentia</span> <span class='ocrx_word' id='word_1_148' title='bbox 1110 1425 1274 1467; x_wconf 84' lang='lat' dir='ltr'>Scaliger,</span> <span class='ocrx_word' id='word_1_149' title='bbox 1307 1428 1425 1465; x_wconf 82' lang='lat' dir='ltr'>gelida</span> <span class='ocrx_word' id='word_1_150' title='bbox 1461 1429 1647 1464; x_wconf 86' lang='lat' dir='ltr'>uergentia</span> <span class='ocrx_word' id='word_1_151' title='bbox 1685 1428 1716 1457; x_wconf 81' lang='lat' dir='ltr'>M</span> 
     </span>
     <span class='ocr_line' id='line_1_19' title="bbox 177 1475 1718 1519; baseline 0.002 -12"><span class='ocrx_word' id='word_1_152' title='bbox 177 1475 353 1518; x_wconf 88' lang='lat' dir='ltr'>Scaligero</span> <span class='ocrx_word' id='word_1_153' title='bbox 391 1477 543 1518; x_wconf 86' lang='lat' dir='ltr'>ignotus,</span> <span class='ocrx_word' id='word_1_154' title='bbox 583 1480 792 1516; x_wconf 85' lang='lat' dir='ltr'>gelidasque</span> <span class='ocrx_word' id='word_1_155' title='bbox 829 1480 985 1516; x_wconf 81' lang='lat' dir='ltr'>rigentia.</span> <span class='ocrx_word' id='word_1_156' title='bbox 1015 1480 1064 1509; x_wconf 86' lang='lat' dir='ltr'>GL</span> <span class='ocrx_word' id='word_1_157' title='bbox 1162 1477 1227 1508; x_wconf 80' lang='lat'>284</span> <span class='ocrx_word' id='word_1_158' title='bbox 1257 1478 1342 1509; x_wconf 80' lang='lat' dir='ltr'>hora</span> <span class='ocrx_word' id='word_1_159' title='bbox 1373 1488 1424 1516; x_wconf 85' lang='lat' dir='ltr'>ea,</span> <span class='ocrx_word' id='word_1_160' title='bbox 1458 1489 1546 1519; x_wconf 87' lang='lat' dir='ltr'>quae</span> <span class='ocrx_word' id='word_1_161' title='bbox 1584 1478 1718 1510; x_wconf 87' lang='lat' dir='ltr'>Arietis</span> 
     </span>
     <span class='ocr_line' id='line_1_20' title="bbox 176 1528 1714 1571; baseline 0.001 -12"><span class='ocrx_word' id='word_1_162' title='bbox 176 1528 369 1559; x_wconf 80' lang='lat' dir='ltr'>ascensioni</span> <span class='ocrx_word' id='word_1_163' title='bbox 387 1539 418 1560; x_wconf 88' lang='lat' dir='ltr'>u.</span> <span class='ocrx_word' id='word_1_164' title='bbox 439 1529 504 1560; x_wconf 82' lang='lat'>280</span> <span class='ocrx_word' id='word_1_165' title='bbox 524 1528 661 1560; x_wconf 82' lang='lat' dir='ltr'>tributa</span> <span class='ocrx_word' id='word_1_166' title='bbox 684 1531 750 1567; x_wconf 88' lang='lat' dir='ltr'>est,</span> <span class='ocrx_word' id='word_1_167' title='bbox 768 1539 866 1568; x_wconf 79' lang='lat' dir='ltr'>nouo,</span> <span class='ocrx_word' id='word_1_168' title='bbox 886 1532 1026 1571; x_wconf 87' lang='lat' dir='ltr'>praeter</span> <span class='ocrx_word' id='word_1_169' title='bbox 1049 1529 1216 1560; x_wconf 79' lang='lat' dir='ltr'>trientem</span> <span class='ocrx_word' id='word_1_170' title='bbox 1240 1529 1368 1561; x_wconf 89' lang='lat' dir='ltr'>ibidem</span> <span class='ocrx_word' id='word_1_171' title='bbox 1395 1535 1714 1568; x_wconf 89' lang='lat' dir='ltr'>commemoratum,</span> 
     </span>
     <span class='ocr_line' id='line_1_21' title="bbox 177 1579 1720 1623; baseline 0.002 -13"><span class='ocrx_word' id='word_1_172' title='bbox 177 1579 372 1620; x_wconf 76' lang='lat' dir='ltr'>quadrante</span> <span class='ocrx_word' id='word_1_173' title='bbox 394 1580 509 1612; x_wconf 82' lang='lat' dir='ltr'>crescit</span> <span class='ocrx_word' id='word_1_174' title='bbox 597 1580 659 1611; x_wconf 88' lang='grc'>285</span> <span class='ocrx_word' id='word_1_175' title='bbox 684 1590 703 1612; x_wconf 86' lang='lat' dir='ltr'>e</span> <span class='ocrx_word' id='word_1_176' title='bbox 726 1582 852 1619; x_wconf 88' lang='lat' dir='ltr'>quinta</span> <span class='ocrx_word' id='word_1_177' title='bbox 873 1590 957 1618; x_wconf 88' lang='lat' dir='ltr'>pars</span> <span class='ocrx_word' id='word_1_178' title='bbox 978 1584 1082 1619; x_wconf 79' lang='lat' dir='ltr'>parte</span> <span class='ocrx_word' id='word_1_179' title='bbox 1092 1581 1125 1619; x_wconf 53' lang='lat'>³⁶,</span> <span class='ocrx_word' id='word_1_180' title='bbox 1146 1583 1329 1613; x_wconf 81' lang='lat' dir='ltr'>inducitur</span> <span class='ocrx_word' id='word_1_181' title='bbox 1350 1581 1514 1623; x_wconf 82' lang='lat' dir='ltr'>Scaliger,</span> <span class='ocrx_word' id='word_1_182' title='bbox 1531 1584 1570 1613; x_wconf 88' lang='lat' dir='ltr'>in</span> <span class='ocrx_word' id='word_1_183' title='bbox 1588 1585 1720 1620; x_wconf 82' lang='lat' dir='ltr'>quarta</span> 
     </span>
     <span class='ocr_line' id='line_1_22' title="bbox 177 1631 1718 1674; baseline 0.001 -12"><span class='ocrx_word' id='word_1_184' title='bbox 177 1634 281 1669; x_wconf 81' lang='lat' dir='ltr'>parte</span> <span class='ocrx_word' id='word_1_185' title='bbox 306 1634 337 1662; x_wconf 87' lang='lat' dir='ltr'>si</span> <span class='ocrx_word' id='word_1_186' title='bbox 360 1633 441 1670; x_wconf 87' lang='lat' dir='ltr'>(LM,</span> <span class='ocrx_word' id='word_1_187' title='bbox 466 1634 516 1663; x_wconf 88' lang='lat' dir='ltr'>sic</span> <span class='ocrx_word' id='word_1_188' title='bbox 539 1633 577 1671; x_wconf 81' lang='lat' dir='ltr'>G)</span> <span class='ocrx_word' id='word_1_189' title='bbox 602 1635 744 1663; x_wconf 75' lang='lat' dir='ltr'>ducitur</span> <span class='ocrx_word' id='word_1_190' title='bbox 767 1631 860 1665; x_wconf 89' lang='lat' dir='ltr'>libri.</span> <span class='ocrx_word' id='word_1_191' title='bbox 910 1643 978 1663; x_wconf 84' lang='lat' dir='ltr'>una</span> <span class='ocrx_word' id='word_1_192' title='bbox 998 1633 1125 1664; x_wconf 87' lang='lat' dir='ltr'>hausta</span> <span class='ocrx_word' id='word_1_193' title='bbox 1150 1632 1283 1671; x_wconf 87' lang='lat' dir='ltr'>littera,</span> <span class='ocrx_word' id='word_1_194' title='bbox 1312 1643 1382 1664; x_wconf 88' lang='lat' dir='ltr'>una</span> <span class='ocrx_word' id='word_1_195' title='bbox 1406 1633 1567 1672; x_wconf 86' lang='lat' dir='ltr'>traiecta,</span> <span class='ocrx_word' id='word_1_196' title='bbox 1597 1633 1718 1674; x_wconf 78' lang='lat' dir='ltr'>quinta</span> 
     </span>
     <span class='ocr_line' id='line_1_23' title="bbox 177 1682 1720 1725; baseline 0.003 -12"><span class='ocrx_word' id='word_1_197' title='bbox 177 1685 307 1720; x_wconf 88' lang='lat' dir='ltr'>autem,</span> <span class='ocrx_word' id='word_1_198' title='bbox 326 1682 420 1724; x_wconf 86' lang='lat' dir='ltr'>quod</span> <span class='ocrx_word' id='word_1_199' title='bbox 445 1692 475 1714; x_wconf 95' lang='lat'>11</span> <span class='ocrx_word' id='word_1_200' title='bbox 501 1683 564 1715; x_wconf 89' lang='grc'>335</span> <span class='ocrx_word' id='word_1_201' title='bbox 586 1683 622 1714; x_wconf 89' lang='lat' dir='ltr'>in</span> <span class='ocrx_word' id='word_1_202' title='bbox 643 1683 780 1725; x_wconf 86' lang='lat' dir='ltr'>aliquot</span> <span class='ocrx_word' id='word_1_203' title='bbox 802 1683 901 1715; x_wconf 89' lang='lat' dir='ltr'>libris</span> <span class='ocrx_word' id='word_1_204' title='bbox 922 1683 1055 1715; x_wconf 85' lang='lat' dir='ltr'>factum</span> <span class='ocrx_word' id='word_1_205' title='bbox 1079 1687 1144 1722; x_wconf 87' lang='lat' dir='ltr'>est,</span> <span class='ocrx_word' id='word_1_206' title='bbox 1163 1684 1199 1715; x_wconf 92' lang='lat' dir='ltr'>in</span> <span class='ocrx_word' id='word_1_207' title='bbox 1223 1689 1350 1724; x_wconf 79' lang='lat' dir='ltr'>quarta</span> <span class='ocrx_word' id='word_1_208' title='bbox 1374 1687 1512 1716; x_wconf 88' lang='lat' dir='ltr'>mutato</span> <span class='ocrx_word' id='word_1_209' title='bbox 1535 1695 1575 1716; x_wconf 88' lang='lat' dir='ltr'>ac</span> <span class='ocrx_word' id='word_1_210' title='bbox 1599 1695 1720 1717; x_wconf 87' lang='lat' dir='ltr'>rursus</span> 
     </span>
    </p>
   </div>
   <div class='ocr_carea' id='block_1_4' title="bbox 759 1741 786 1754">
    <p class='ocr_par' dir='ltr' id='par_1_5' title="bbox 759 1741 786 1754">
     <span class='ocr_line' id='line_1_24' title="bbox 759 1741 786 1754; baseline 0 0"><span class='ocrx_word' id='word_1_211' title='bbox 759 1741 786 1754; x_wconf 79' lang='grc' dir='ltr'>ῐΠ.</span> 
     </span>
    </p>
   </div>
   <div class='ocr_carea' id='block_1_5' title="bbox 155 1761 1736 2939">
    <p class='ocr_par' dir='ltr' id='par_1_6' title="bbox 155 1761 1736 2939">
     <span class='ocr_line' id='line_1_25' title="bbox 177 1761 1717 1804; baseline 0.002 -12"><span class='ocrx_word' id='word_1_212' title='bbox 177 1764 345 1799; x_wconf 84' lang='lat' dir='ltr'>correcto,</span> <span class='ocrx_word' id='word_1_213' title='bbox 371 1761 495 1793; x_wconf 88' lang='lat' dir='ltr'>extitit</span> <span class='ocrx_word' id='word_1_214' title='bbox 522 1761 687 1802; x_wconf 79' lang='lat' dir='ltr'>tertiaque</span> <span class='ocrx_word' id='word_1_215' title='bbox 710 1767 838 1803; x_wconf 82' lang='lat' dir='ltr'>quarta</span> <span class='ocrx_word' id='word_1_216' title='bbox 862 1773 933 1803; x_wconf 79' lang='lat' dir='ltr'>par</span> <span class='ocrx_word' id='word_1_217' title='bbox 954 1767 1074 1803; x_wconf 75' lang='lat' dir='ltr'>partes</span> <span class='ocrx_word' id='word_1_218' title='bbox 1097 1762 1260 1794; x_wconf 39' lang='lat' dir='ltr'>fiduciam.</span> <span class='ocrx_word' id='word_1_219' title='bbox 1309 1762 1500 1804; x_wconf 79' lang='lat' dir='ltr'>quadranti</span> <span class='ocrx_word' id='word_1_220' title='bbox 1524 1763 1717 1803; x_wconf 83' lang='lat' dir='ltr'>inducitur,</span> 
     </span>
     <span class='ocr_line' id='line_1_26' title="bbox 177 1812 1719 1855; baseline 0.002 -11"><span class='ocrx_word' id='word_1_221' title='bbox 177 1812 242 1844; x_wconf 90' lang='lat' dir='ltr'>hoc</span> <span class='ocrx_word' id='word_1_222' title='bbox 259 1815 313 1844; x_wconf 85' lang='lat' dir='ltr'>est</span> <span class='ocrx_word' id='word_1_223' title='bbox 329 1813 472 1854; x_wconf 85' lang='lat' dir='ltr'>insuper</span> <span class='ocrx_word' id='word_1_224' title='bbox 488 1813 644 1852; x_wconf 81' lang='lat' dir='ltr'>additur,</span> <span class='ocrx_word' id='word_1_225' title='bbox 665 1824 745 1855; x_wconf 88' lang='lat' dir='ltr'>pars</span> <span class='ocrx_word' id='word_1_226' title='bbox 768 1814 843 1845; x_wconf 91' lang='lat' dir='ltr'>eius</span> <span class='ocrx_word' id='word_1_227' title='bbox 867 1814 991 1855; x_wconf 90' lang='lat' dir='ltr'>quinta</span> <span class='ocrx_word' id='word_1_228' title='bbox 1014 1814 1162 1852; x_wconf 86' lang='lat' dir='ltr'>decima,</span> <span class='ocrx_word' id='word_1_229' title='bbox 1182 1814 1246 1846; x_wconf 91' lang='lat' dir='ltr'>hoc</span> <span class='ocrx_word' id='word_1_230' title='bbox 1267 1817 1320 1845; x_wconf 90' lang='lat' dir='ltr'>est</span> <span class='ocrx_word' id='word_1_231' title='bbox 1342 1825 1450 1846; x_wconf 90' lang='lat' dir='ltr'>unum</span> <span class='ocrx_word' id='word_1_232' title='bbox 1471 1815 1658 1854; x_wconf 85' lang='lat' dir='ltr'>minutum,</span> <span class='ocrx_word' id='word_1_233' title='bbox 1678 1817 1719 1847; x_wconf 87' lang='lat' dir='ltr'>ut</span> 
     </span>
     <span class='ocr_line' id='line_1_27' title="bbox 177 1863 1719 1909; baseline 0.003 -14"><span class='ocrx_word' id='word_1_234' title='bbox 177 1863 266 1896; x_wconf 90' lang='lat' dir='ltr'>fiant</span> <span class='ocrx_word' id='word_1_235' title='bbox 291 1865 426 1896; x_wconf 89' lang='lat' dir='ltr'>minuta</span> <span class='ocrx_word' id='word_1_236' title='bbox 442 1873 520 1903; x_wconf 83' lang='lat' dir='ltr'>XVI,</span> <span class='ocrx_word' id='word_1_237' title='bbox 539 1875 642 1907; x_wconf 87' lang='lat' dir='ltr'>quem</span> <span class='ocrx_word' id='word_1_238' title='bbox 659 1876 843 1896; x_wconf 87' lang='lat' dir='ltr'>numerum</span> <span class='ocrx_word' id='word_1_239' title='bbox 859 1866 974 1907; x_wconf 90' lang='lat' dir='ltr'>poscit</span> <span class='ocrx_word' id='word_1_240' title='bbox 990 1869 1195 1897; x_wconf 89' lang='lat' dir='ltr'>octonorum</span> <span class='ocrx_word' id='word_1_241' title='bbox 1219 1865 1413 1897; x_wconf 85' lang='lat' dir='ltr'>stadiorum</span> <span class='ocrx_word' id='word_1_242' title='bbox 1437 1867 1539 1899; x_wconf 87' lang='lat' dir='ltr'>ratio.</span> <span class='ocrx_word' id='word_1_243' title='bbox 1588 1867 1719 1909; x_wconf 91' lang='lat' dir='ltr'>optime</span> 
     </span>
     <span class='ocr_line' id='line_1_28' title="bbox 178 1915 1718 1959; baseline 0.002 -12"><span class='ocrx_word' id='word_1_244' title='bbox 178 1916 271 1948; x_wconf 90' lang='lat' dir='ltr'>enim</span> <span class='ocrx_word' id='word_1_245' title='bbox 287 1915 469 1948; x_wconf 87' lang='lat' dir='ltr'>Bentleius</span> <span class='ocrx_word' id='word_1_246' title='bbox 489 1918 497 1932; x_wconf 95' lang='lat'>‘</span> <span class='ocrx_word' id='word_1_247' title='bbox 510 1916 594 1948; x_wconf 88' lang='lat' dir='ltr'>hora</span> <span class='ocrx_word' id='word_1_248' title='bbox 610 1917 736 1948; x_wconf 88' lang='lat' dir='ltr'>crescit</span> <span class='ocrx_word' id='word_1_249' title='bbox 753 1928 815 1958; x_wconf 88' lang='lat' dir='ltr'>per</span> <span class='ocrx_word' id='word_1_250' title='bbox 831 1918 967 1948; x_wconf 85' lang='lat' dir='ltr'>minuta</span> <span class='ocrx_word' id='word_1_251' title='bbox 984 1926 1049 1948; x_wconf 82' lang='lat' dir='ltr'>XVI</span> <span class='ocrx_word' id='word_1_252' title='bbox 1064 1930 1070 1949; x_wconf 89' lang='lat'>:</span> <span class='ocrx_word' id='word_1_253' title='bbox 1097 1917 1202 1949; x_wconf 87' lang='lat' dir='ltr'>horae</span> <span class='ocrx_word' id='word_1_254' title='bbox 1218 1917 1393 1959; x_wconf 86' lang='lat' dir='ltr'>quadrans</span> <span class='ocrx_word' id='word_1_255' title='bbox 1415 1921 1469 1949; x_wconf 89' lang='lat' dir='ltr'>est</span> <span class='ocrx_word' id='word_1_256' title='bbox 1489 1921 1629 1950; x_wconf 87' lang='lat' dir='ltr'>tantum</span> <span class='ocrx_word' id='word_1_257' title='bbox 1646 1928 1697 1950; x_wconf 84' lang='lat' dir='ltr'>xv</span> <span class='ocrx_word' id='word_1_258' title='bbox 1711 1931 1718 1950; x_wconf 71' lang='grc' dir='ltr'>ι</span> 
     </span>
     <span class='ocr_line' id='line_1_29' title="bbox 178 1968 1716 2011; baseline 0.003 -13"><span class='ocrx_word' id='word_1_259' title='bbox 178 1970 290 1999; x_wconf 88' lang='lat' dir='ltr'>restat</span> <span class='ocrx_word' id='word_1_260' title='bbox 315 1968 491 1999; x_wconf 86' lang='lat' dir='ltr'>minutum</span> <span class='ocrx_word' id='word_1_261' title='bbox 518 1979 638 2007; x_wconf 89' lang='lat' dir='ltr'>unum,</span> <span class='ocrx_word' id='word_1_262' title='bbox 666 1968 759 2010; x_wconf 89' lang='lat' dir='ltr'>quod</span> <span class='ocrx_word' id='word_1_263' title='bbox 785 1968 986 2000; x_wconf 81' lang='lat' dir='ltr'>addendum</span> <span class='ocrx_word' id='word_1_264' title='bbox 1011 1972 1087 2007; x_wconf 55' lang='grc' dir='ltr'>θεῖς</span> <span class='ocrx_word' id='word_1_265' title='bbox 1120 1972 1156 2000; x_wconf 87' lang='lat' dir='ltr'>et</span> <span class='ocrx_word' id='word_1_266' title='bbox 1180 1969 1246 2000; x_wconf 92' lang='lat' dir='ltr'>hoc</span> <span class='ocrx_word' id='word_1_267' title='bbox 1274 1980 1377 2000; x_wconf 89' lang='lat' dir='ltr'>uersu</span> <span class='ocrx_word' id='word_1_268' title='bbox 1405 1970 1554 2011; x_wconf 86' lang='lat' dir='ltr'>exprimi</span> <span class='ocrx_word' id='word_1_269' title='bbox 1581 1970 1716 2003; x_wconf 88' lang='lat' dir='ltr'>debet’.</span> 
     </span>
     <span class='ocr_line' id='line_1_30' title="bbox 178 2019 1720 2062; baseline 0.003 -12"><span class='ocrx_word' id='word_1_270' title='bbox 178 2019 271 2051; x_wconf 90' lang='lat' dir='ltr'>hunc</span> <span class='ocrx_word' id='word_1_271' title='bbox 296 2030 435 2051; x_wconf 87' lang='lat' dir='ltr'>sensum</span> <span class='ocrx_word' id='word_1_272' title='bbox 463 2020 656 2061; x_wconf 84' lang='lat' dir='ltr'>reciperare</span> <span class='ocrx_word' id='word_1_273' title='bbox 683 2030 802 2051; x_wconf 90' lang='lat' dir='ltr'>omnes</span> <span class='ocrx_word' id='word_1_274' title='bbox 829 2021 946 2052; x_wconf 89' lang='lat' dir='ltr'>conati</span> <span class='ocrx_word' id='word_1_275' title='bbox 973 2023 1068 2058; x_wconf 86' lang='lat' dir='ltr'>sunt,</span> <span class='ocrx_word' id='word_1_276' title='bbox 1097 2021 1309 2062; x_wconf 85' lang='lat' dir='ltr'>reciperauit</span> <span class='ocrx_word' id='word_1_277' title='bbox 1335 2031 1447 2060; x_wconf 86' lang='lat' dir='ltr'>nemo,</span> <span class='ocrx_word' id='word_1_278' title='bbox 1471 2032 1514 2053; x_wconf 92' lang='lat' dir='ltr'>ne</span> <span class='ocrx_word' id='word_1_279' title='bbox 1539 2022 1720 2055; x_wconf 88' lang='lat' dir='ltr'>Bentleius</span> 
     </span>
     <span class='ocr_line' id='line_1_31' title="bbox 179 2071 1721 2116; baseline 0.003 -14"><span class='ocrx_word' id='word_1_280' title='bbox 179 2071 321 2113; x_wconf 87' lang='lat' dir='ltr'>quidem</span> <span class='ocrx_word' id='word_1_281' title='bbox 337 2071 503 2112; x_wconf 80' lang='lat' dir='ltr'>tertiaque</span> <span class='ocrx_word' id='word_1_282' title='bbox 519 2072 556 2103; x_wconf 82' lang='lat' dir='ltr'>iu</span> <span class='ocrx_word' id='word_1_283' title='bbox 579 2071 702 2112; x_wconf 80' lang='lat' dir='ltr'>quinas</span> <span class='ocrx_word' id='word_1_284' title='bbox 719 2077 841 2112; x_wconf 80' lang='lat' dir='ltr'>partes</span> <span class='ocrx_word' id='word_1_285' title='bbox 860 2082 947 2113; x_wconf 73' lang='lat' dir='ltr'>pars</span> <span class='ocrx_word' id='word_1_286' title='bbox 964 2072 1102 2103; x_wconf 81' lang='lat' dir='ltr'>ducitur</span> <span class='ocrx_word' id='word_1_287' title='bbox 1122 2072 1316 2111; x_wconf 88' lang='lat' dir='ltr'>scribendo,</span> <span class='ocrx_word' id='word_1_288' title='bbox 1340 2075 1347 2089; x_wconf 92' lang='lat'>‘</span> <span class='ocrx_word' id='word_1_289' title='bbox 1359 2073 1423 2104; x_wconf 93' lang='lat' dir='ltr'>hoc</span> <span class='ocrx_word' id='word_1_290' title='bbox 1439 2076 1493 2105; x_wconf 85' lang='lat' dir='ltr'>est</span> <span class='ocrx_word' id='word_1_291' title='bbox 1504 2073 1511 2087; x_wconf 94' lang='lat'>&#39;</span> <span class='ocrx_word' id='word_1_292' title='bbox 1528 2074 1645 2116; x_wconf 87' lang='lat' dir='ltr'>inquit</span> <span class='ocrx_word' id='word_1_293' title='bbox 1665 2077 1672 2090; x_wconf 87' lang='lat'>‘</span> <span class='ocrx_word' id='word_1_294' title='bbox 1684 2079 1721 2107; x_wconf 88' lang='lat' dir='ltr'>et</span> 
     </span>
     <span class='ocr_line' id='line_1_32' title="bbox 179 2123 1721 2168; baseline 0.003 -14"><span class='ocrx_word' id='word_1_295' title='bbox 179 2123 288 2154; x_wconf 84' lang='lat' dir='ltr'>tertia</span> <span class='ocrx_word' id='word_1_296' title='bbox 317 2133 399 2164; x_wconf 88' lang='lat' dir='ltr'>pars</span> <span class='ocrx_word' id='word_1_297' title='bbox 430 2123 505 2155; x_wconf 91' lang='lat' dir='ltr'>eius</span> <span class='ocrx_word' id='word_1_298' title='bbox 536 2123 744 2165; x_wconf 81' lang='lat' dir='ltr'>quadrantis</span> <span class='ocrx_word' id='word_1_299' title='bbox 774 2123 810 2154; x_wconf 90' lang='lat' dir='ltr'>in</span> <span class='ocrx_word' id='word_1_300' title='bbox 841 2124 966 2165; x_wconf 89' lang='lat' dir='ltr'>quinas</span> <span class='ocrx_word' id='word_1_301' title='bbox 997 2123 1213 2155; x_wconf 87' lang='lat' dir='ltr'>diuiditur’:</span> <span class='ocrx_word' id='word_1_302' title='bbox 1253 2128 1353 2162; x_wconf 90' lang='lat' dir='ltr'>esto;</span> <span class='ocrx_word' id='word_1_303' title='bbox 1392 2125 1499 2157; x_wconf 85' lang='lat' dir='ltr'>fuerit</span> <span class='ocrx_word' id='word_1_304' title='bbox 1529 2125 1565 2157; x_wconf 92' lang='lat' dir='ltr'>in</span> <span class='ocrx_word' id='word_1_305' title='bbox 1596 2127 1721 2168; x_wconf 82' lang='lat' dir='ltr'>quinas</span> 
     </span>
     <span class='ocr_line' id='line_1_33' title="bbox 179 2174 1720 2218; baseline 0.003 -13"><span class='ocrx_word' id='word_1_306' title='bbox 179 2174 316 2213; x_wconf 80' lang='lat' dir='ltr'>diuisa3</span> <span class='ocrx_word' id='word_1_307' title='bbox 355 2174 440 2215; x_wconf 91' lang='lat' dir='ltr'>quid</span> <span class='ocrx_word' id='word_1_308' title='bbox 471 2179 548 2206; x_wconf 89' lang='lat' dir='ltr'>tum</span> <span class='ocrx_word' id='word_1_309' title='bbox 578 2177 725 2216; x_wconf 81' lang='lat' dir='ltr'>postea?</span> <span class='ocrx_word' id='word_1_310' title='bbox 769 2175 856 2216; x_wconf 91' lang='lat' dir='ltr'>quid</span> <span class='ocrx_word' id='word_1_311' title='bbox 888 2175 930 2206; x_wconf 89' lang='lat' dir='ltr'>de</span> <span class='ocrx_word' id='word_1_312' title='bbox 962 2175 1023 2206; x_wconf 90' lang='lat' dir='ltr'>illa</span> <span class='ocrx_word' id='word_1_313' title='bbox 1053 2175 1114 2206; x_wconf 87' lang='lat' dir='ltr'>fiet</span> <span class='ocrx_word' id='word_1_314' title='bbox 1145 2175 1269 2217; x_wconf 86' lang='lat' dir='ltr'>quinta</span> <span class='ocrx_word' id='word_1_315' title='bbox 1299 2175 1434 2207; x_wconf 88' lang='lat' dir='ltr'>decima</span> <span class='ocrx_word' id='word_1_316' title='bbox 1463 2180 1589 2218; x_wconf 85' lang='lat' dir='ltr'>parte?</span> <span class='ocrx_word' id='word_1_317' title='bbox 1645 2189 1720 2210; x_wconf 90' lang='lat' dir='ltr'>eam</span> 
     </span>
     <span class='ocr_line' id='line_1_34' title="bbox 177 2225 1721 2270; baseline 0.003 -13"><span class='ocrx_word' id='word_1_318' title='bbox 177 2225 368 2268; x_wconf 82' lang='lat' dir='ltr'>quadranti</span> <span class='ocrx_word' id='word_1_319' title='bbox 384 2226 579 2258; x_wconf 87' lang='lat' dir='ltr'>addendam</span> <span class='ocrx_word' id='word_1_320' title='bbox 598 2237 670 2258; x_wconf 86' lang='lat' dir='ltr'>esse</span> <span class='ocrx_word' id='word_1_321' title='bbox 687 2227 761 2268; x_wconf 90' lang='lat' dir='ltr'>ipse</span> <span class='ocrx_word' id='word_1_322' title='bbox 778 2226 918 2258; x_wconf 83' lang='lat' dir='ltr'>dixerat</span> <span class='ocrx_word' id='word_1_323' title='bbox 933 2239 940 2264; x_wconf 91' lang='grc'>;</span> <span class='ocrx_word' id='word_1_324' title='bbox 965 2237 1027 2258; x_wconf 91' lang='lat' dir='ltr'>cur</span> <span class='ocrx_word' id='word_1_325' title='bbox 1043 2227 1153 2268; x_wconf 89' lang='lat' dir='ltr'>igitur</span> <span class='ocrx_word' id='word_1_326' title='bbox 1169 2238 1238 2258; x_wconf 92' lang='lat' dir='ltr'>non</span> <span class='ocrx_word' id='word_1_327' title='bbox 1251 2227 1419 2260; x_wconf 81' lang='lat' dir='ltr'>additur?</span> <span class='ocrx_word' id='word_1_328' title='bbox 1463 2228 1557 2270; x_wconf 87' lang='lat' dir='ltr'>quod</span> <span class='ocrx_word' id='word_1_329' title='bbox 1571 2239 1632 2260; x_wconf 89' lang='lat' dir='ltr'>suo</span> <span class='ocrx_word' id='word_1_330' title='bbox 1647 2231 1721 2262; x_wconf 90' lang='lat' dir='ltr'>iure</span> 
     </span>
     <span class='ocr_line' id='line_1_35' title="bbox 180 2277 1721 2323; baseline 0.003 -15"><span class='ocrx_word' id='word_1_331' title='bbox 180 2277 319 2319; x_wconf 90' lang='lat' dir='ltr'>quaerit</span> <span class='ocrx_word' id='word_1_332' title='bbox 335 2277 537 2319; x_wconf 88' lang='lat' dir='ltr'>Pingraeus.</span> <span class='ocrx_word' id='word_1_333' title='bbox 588 2278 699 2309; x_wconf 88' lang='lat' dir='ltr'>multo</span> <span class='ocrx_word' id='word_1_334' title='bbox 716 2278 831 2309; x_wconf 89' lang='lat' dir='ltr'>minus</span> <span class='ocrx_word' id='word_1_335' title='bbox 847 2278 932 2309; x_wconf 86' lang='lat' dir='ltr'>ferri</span> <span class='ocrx_word' id='word_1_336' title='bbox 948 2282 1096 2320; x_wconf 85' lang='lat' dir='ltr'>possunt</span> <span class='ocrx_word' id='word_1_337' title='bbox 1112 2289 1201 2320; x_wconf 89' lang='lat' dir='ltr'>quae</span> <span class='ocrx_word' id='word_1_338' title='bbox 1223 2278 1377 2321; x_wconf 82' lang='lat' dir='ltr'>Scaliger</span> <span class='ocrx_word' id='word_1_339' title='bbox 1398 2279 1540 2321; x_wconf 88' lang='lat' dir='ltr'>eiusque</span> <span class='ocrx_word' id='word_1_340' title='bbox 1562 2282 1721 2323; x_wconf 82' lang='lat' dir='ltr'>uestigiis</span> 
     </span>
     <span class='ocr_line' id='line_1_36' title="bbox 180 2329 1724 2371; baseline 0.003 -11"><span class='ocrx_word' id='word_1_341' title='bbox 180 2329 383 2360; x_wconf 85' lang='lat' dir='ltr'>insistentes</span> <span class='ocrx_word' id='word_1_342' title='bbox 399 2329 460 2360; x_wconf 88' lang='lat' dir='ltr'>alii</span> <span class='ocrx_word' id='word_1_343' title='bbox 476 2329 701 2361; x_wconf 85' lang='lat' dir='ltr'>coniecerunt</span> <span class='ocrx_word' id='word_1_344' title='bbox 725 2329 889 2370; x_wconf 80' lang='lat' dir='ltr'>tertiaque</span> <span class='ocrx_word' id='word_1_345' title='bbox 906 2329 943 2361; x_wconf 81' lang='lat' dir='ltr'>iu</span> <span class='ocrx_word' id='word_1_346' title='bbox 959 2335 1102 2370; x_wconf 80' lang='lat' dir='ltr'>quartas</span> <span class='ocrx_word' id='word_1_347' title='bbox 1122 2335 1239 2370; x_wconf 81' lang='lat' dir='ltr'>partes</span> <span class='ocrx_word' id='word_1_348' title='bbox 1260 2330 1437 2362; x_wconf 77' lang='lat' dir='ltr'>inducitur</span> <span class='ocrx_word' id='word_1_349' title='bbox 1460 2333 1469 2369; x_wconf 85' lang='grc'>&lt;</span> <span class='ocrx_word' id='word_1_350' title='bbox 1473 2342 1562 2371; x_wconf 78' lang='lat' dir='ltr'>pars</span> <span class='ocrx_word' id='word_1_351' title='bbox 1585 2333 1724 2364; x_wconf 84' lang='lat' dir='ltr'>ducitur</span> 
     </span>
     <span class='ocr_line' id='line_1_37' title="bbox 181 2380 1722 2423; baseline 0.003 -12"><span class='ocrx_word' id='word_1_352' title='bbox 181 2380 384 2422; x_wconf 88' lang='lat' dir='ltr'>Pingraeus,</span> <span class='ocrx_word' id='word_1_353' title='bbox 403 2381 579 2412; x_wconf 74' lang='lat' dir='ltr'>diducitur</span> <span class='ocrx_word' id='word_1_354' title='bbox 594 2381 756 2420; x_wconf 87' lang='lat' dir='ltr'>Iacobus)</span> <span class='ocrx_word' id='word_1_355' title='bbox 770 2381 858 2419; x_wconf 70' lang='lat' dir='ltr'>eius-3</span> <span class='ocrx_word' id='word_1_356' title='bbox 876 2392 964 2422; x_wconf 85' lang='lat' dir='ltr'>quae</span> <span class='ocrx_word' id='word_1_357' title='bbox 978 2391 1056 2412; x_wconf 90' lang='lat' dir='ltr'>cum</span> <span class='ocrx_word' id='word_1_358' title='bbox 1070 2382 1144 2412; x_wconf 89' lang='lat' dir='ltr'>sine</span> <span class='ocrx_word' id='word_1_359' title='bbox 1158 2382 1351 2423; x_wconf 87' lang='lat' dir='ltr'>interprete</span> <span class='ocrx_word' id='word_1_360' title='bbox 1363 2393 1465 2413; x_wconf 87' lang='lat' dir='ltr'>nemo</span> <span class='ocrx_word' id='word_1_361' title='bbox 1478 2383 1722 2417; x_wconf 84' lang='lat' dir='ltr'>intellecturus</span> 
     </span>
     <span class='ocr_line' id='line_1_38' title="bbox 181 2432 1723 2475; baseline 0.003 -12"><span class='ocrx_word' id='word_1_362' title='bbox 181 2432 240 2470; x_wconf 87' lang='lat' dir='ltr'>sit,</span> <span class='ocrx_word' id='word_1_363' title='bbox 273 2432 323 2463; x_wconf 89' lang='lat' dir='ltr'>sic</span> <span class='ocrx_word' id='word_1_364' title='bbox 353 2432 656 2473; x_wconf 84' lang='lat' dir='ltr'>interpretantur:</span> <span class='ocrx_word' id='word_1_365' title='bbox 697 2433 804 2464; x_wconf 82' lang='lat' dir='ltr'>tertia</span> <span class='ocrx_word' id='word_1_366' title='bbox 834 2443 915 2474; x_wconf 86' lang='lat' dir='ltr'>pars</span> <span class='ocrx_word' id='word_1_367' title='bbox 952 2433 1026 2464; x_wconf 89' lang='lat' dir='ltr'>eius</span> <span class='ocrx_word' id='word_1_368' title='bbox 1057 2433 1265 2474; x_wconf 85' lang='lat' dir='ltr'>quadrantis</span> <span class='ocrx_word' id='word_1_369' title='bbox 1304 2434 1470 2475; x_wconf 87' lang='lat' dir='ltr'>(quinque</span> <span class='ocrx_word' id='word_1_370' title='bbox 1508 2434 1723 2468; x_wconf 87' lang='lat' dir='ltr'>minutorum</span> 
     </span>
     <span class='ocr_line' id='line_1_39' title="bbox 182 2483 1724 2526; baseline 0.003 -12"><span class='ocrx_word' id='word_1_371' title='bbox 182 2485 330 2523; x_wconf 88' lang='lat' dir='ltr'>summa)</span> <span class='ocrx_word' id='word_1_372' title='bbox 348 2483 577 2515; x_wconf 86' lang='lat' dir='ltr'>distribuitur</span> <span class='ocrx_word' id='word_1_373' title='bbox 601 2485 637 2515; x_wconf 87' lang='lat' dir='ltr'>in</span> <span class='ocrx_word' id='word_1_374' title='bbox 660 2483 738 2515; x_wconf 88' lang='lat' dir='ltr'>illos</span> <span class='ocrx_word' id='word_1_375' title='bbox 762 2483 977 2525; x_wconf 83' lang='lat' dir='ltr'>quadrantes</span> <span class='ocrx_word' id='word_1_376' title='bbox 999 2484 1060 2525; x_wconf 90' lang='lat' dir='ltr'>qui</span> <span class='ocrx_word' id='word_1_377' title='bbox 1083 2494 1227 2515; x_wconf 86' lang='lat' dir='ltr'>numero</span> <span class='ocrx_word' id='word_1_378' title='bbox 1243 2485 1396 2526; x_wconf 88' lang='lat' dir='ltr'>quinque</span> <span class='ocrx_word' id='word_1_379' title='bbox 1413 2488 1496 2516; x_wconf 87' lang='lat' dir='ltr'>sunt</span> <span class='ocrx_word' id='word_1_380' title='bbox 1511 2496 1532 2517; x_wconf 92' lang='lat' dir='ltr'>a</span> <span class='ocrx_word' id='word_1_381' title='bbox 1548 2485 1661 2518; x_wconf 86' lang='lat' dir='ltr'>Tauro</span> <span class='ocrx_word' id='word_1_382' title='bbox 1678 2487 1724 2519; x_wconf 84' lang='lat' dir='ltr'>ad</span> 
     </span>
     <span class='ocr_line' id='line_1_40' title="bbox 181 2535 1724 2577; baseline 0.003 -11"><span class='ocrx_word' id='word_1_383' title='bbox 181 2535 377 2577; x_wconf 86' lang='lat' dir='ltr'>Virginem,</span> <span class='ocrx_word' id='word_1_384' title='bbox 407 2538 447 2566; x_wconf 88' lang='lat' dir='ltr'>ut</span> <span class='ocrx_word' id='word_1_385' title='bbox 478 2535 606 2577; x_wconf 85' lang='lat' dir='ltr'>singuli</span> <span class='ocrx_word' id='word_1_386' title='bbox 634 2546 742 2566; x_wconf 88' lang='lat' dir='ltr'>unum</span> <span class='ocrx_word' id='word_1_387' title='bbox 770 2535 947 2577; x_wconf 84' lang='lat' dir='ltr'>accipiant</span> <span class='ocrx_word' id='word_1_388' title='bbox 1035 2535 1098 2566; x_wconf 87' lang='grc'>286</span> <span class='ocrx_word' id='word_1_389' title='bbox 1125 2536 1173 2567; x_wconf 80' lang='lat' dir='ltr'>ad</span> <span class='ocrx_word' id='word_1_390' title='bbox 1201 2535 1327 2568; x_wconf 82' lang='lat' dir='ltr'>Librae</span> <span class='ocrx_word' id='word_1_391' title='bbox 1354 2536 1458 2568; x_wconf 74' lang='lat' dir='ltr'>sidus.</span> <span class='ocrx_word' id='word_1_392' title='bbox 1508 2537 1724 2571; x_wconf 86' lang='lat' dir='ltr'>incrementa</span> 
     </span>
     <span class='ocr_line' id='line_1_41' title="bbox 155 2586 1723 2629; baseline 0.003 -11"><span class='ocrx_word' id='word_1_393' title='bbox 155 2620 157 2623; x_wconf 63' lang='grc'>,</span> <span class='ocrx_word' id='word_1_394' title='bbox 183 2587 278 2618; x_wconf 90' lang='lat' dir='ltr'>ultra</span> <span class='ocrx_word' id='word_1_395' title='bbox 294 2586 420 2618; x_wconf 89' lang='lat' dir='ltr'>Librae</span> <span class='ocrx_word' id='word_1_396' title='bbox 437 2587 658 2628; x_wconf 75' lang='lat' dir='ltr'>principium,</span> <span class='ocrx_word' id='word_1_397' title='bbox 679 2587 739 2629; x_wconf 88' lang='lat' dir='ltr'>qui</span> <span class='ocrx_word' id='word_1_398' title='bbox 756 2587 915 2628; x_wconf 89' lang='lat' dir='ltr'>Virginis</span> <span class='ocrx_word' id='word_1_399' title='bbox 931 2586 1010 2618; x_wconf 89' lang='lat' dir='ltr'>finis</span> <span class='ocrx_word' id='word_1_400' title='bbox 1027 2591 1091 2625; x_wconf 86' lang='lat' dir='ltr'>est,</span> <span class='ocrx_word' id='word_1_401' title='bbox 1111 2598 1179 2618; x_wconf 89' lang='lat' dir='ltr'>non</span> <span class='ocrx_word' id='word_1_402' title='bbox 1202 2587 1419 2628; x_wconf 83' lang='lat' dir='ltr'>procedunt3</span> <span class='ocrx_word' id='word_1_403' title='bbox 1443 2599 1524 2620; x_wconf 85' lang='lat' dir='ltr'>nam</span> <span class='ocrx_word' id='word_1_404' title='bbox 1545 2589 1630 2621; x_wconf 85' lang='lat' dir='ltr'>haec</span> <span class='ocrx_word' id='word_1_405' title='bbox 1654 2591 1723 2623; x_wconf 93' lang='lat' dir='ltr'>duo</span> 
     </span>
     <span class='ocr_line' id='line_1_42' title="bbox 182 2638 1725 2680; baseline 0.003 -11"><span class='ocrx_word' id='word_1_406' title='bbox 182 2640 281 2680; x_wconf 85' lang='lat' dir='ltr'>signa</span> <span class='ocrx_word' id='word_1_407' title='bbox 297 2638 439 2680; x_wconf 85' lang='lat' dir='ltr'>paribus</span> <span class='ocrx_word' id='word_1_408' title='bbox 456 2638 674 2680; x_wconf 88' lang='lat' dir='ltr'>temporibus</span> <span class='ocrx_word' id='word_1_409' title='bbox 687 2639 859 2670; x_wconf 89' lang='lat' dir='ltr'>oriuntur.</span> <span class='ocrx_word' id='word_1_410' title='bbox 909 2639 990 2670; x_wconf 86' lang='lat' dir='ltr'>uide</span> <span class='ocrx_word' id='word_1_411' title='bbox 1007 2640 1070 2670; x_wconf 87' lang='lat'>413</span> <span class='ocrx_word' id='word_1_412' title='bbox 1087 2649 1244 2680; x_wconf 86' lang='lat' dir='ltr'>quaeque</span> <span class='ocrx_word' id='word_1_413' title='bbox 1265 2639 1315 2671; x_wconf 88' lang='lat' dir='ltr'>ibi</span> <span class='ocrx_word' id='word_1_414' title='bbox 1331 2639 1493 2672; x_wconf 88' lang='lat' dir='ltr'>dicentur</span> <span class='ocrx_word' id='word_1_415' title='bbox 1580 2641 1642 2673; x_wconf 80' lang='grc'>287</span> <span class='ocrx_word' id='word_1_416' title='bbox 1662 2642 1725 2674; x_wconf 86' lang='grc'>288</span> 
     </span>
     <span class='ocr_line' id='line_1_43' title="bbox 183 2690 1726 2732; baseline 0.003 -11"><span class='ocrx_word' id='word_1_417' title='bbox 183 2691 232 2722; x_wconf 83' lang='lat' dir='ltr'>sic</span> <span class='ocrx_word' id='word_1_418' title='bbox 277 2691 453 2722; x_wconf 85' lang='lat' dir='ltr'>sententia</span> <span class='ocrx_word' id='word_1_419' title='bbox 498 2690 701 2731; x_wconf 88' lang='lat' dir='ltr'>postulante</span> <span class='ocrx_word' id='word_1_420' title='bbox 743 2691 967 2732; x_wconf 85' lang='lat' dir='ltr'>interpunxit</span> <span class='ocrx_word' id='word_1_421' title='bbox 1009 2690 1201 2729; x_wconf 90' lang='lat' dir='ltr'>Bentleius,</span> <span class='ocrx_word' id='word_1_422' title='bbox 1244 2691 1300 2723; x_wconf 94' lang='lat' dir='ltr'>cui</span> <span class='ocrx_word' id='word_1_423' title='bbox 1345 2692 1518 2724; x_wconf 85' lang='lat' dir='ltr'>restitisse</span> <span class='ocrx_word' id='word_1_424' title='bbox 1559 2692 1726 2726; x_wconf 88' lang='lat' dir='ltr'>Iacobum</span> 
     </span>
     <span class='ocr_line' id='line_1_44' title="bbox 184 2741 1726 2783; baseline 0.003 -10"><span class='ocrx_word' id='word_1_425' title='bbox 184 2742 396 2773; x_wconf 86' lang='lat' dir='ltr'>Bechertum</span> <span class='ocrx_word' id='word_1_426' title='bbox 414 2741 611 2773; x_wconf 89' lang='lat' dir='ltr'>Breiterum</span> <span class='ocrx_word' id='word_1_427' title='bbox 628 2742 737 2773; x_wconf 82' lang='lat' dir='ltr'>etiam</span> <span class='ocrx_word' id='word_1_428' title='bbox 753 2752 807 2772; x_wconf 90' lang='lat' dir='ltr'>me</span> <span class='ocrx_word' id='word_1_429' title='bbox 829 2744 969 2773; x_wconf 86' lang='lat' dir='ltr'>tacente</span> <span class='ocrx_word' id='word_1_430' title='bbox 991 2741 1217 2783; x_wconf 85' lang='lat' dir='ltr'>intellegetur</span> <span class='ocrx_word' id='word_1_431' title='bbox 1302 2742 1387 2783; x_wconf 79' lang='lat' dir='ltr'>pari</span> <span class='ocrx_word' id='word_1_432' title='bbox 1408 2748 1572 2775; x_wconf 78' lang='lat' dir='ltr'>momento</span> <span class='ocrx_word' id='word_1_433' title='bbox 1595 2745 1726 2777; x_wconf 75' lang='lat' dir='ltr'>damna</span> 
     </span>
     <span class='ocr_line' id='line_1_45' title="bbox 184 2793 1726 2835; baseline 0.003 -11"><span class='ocrx_word' id='word_1_434' title='bbox 184 2793 381 2832; x_wconf 81' lang='lat' dir='ltr'>trahuntur,</span> <span class='ocrx_word' id='word_1_435' title='bbox 401 2804 476 2825; x_wconf 84' lang='lat' dir='ltr'>cum</span> <span class='ocrx_word' id='word_1_436' title='bbox 491 2793 630 2825; x_wconf 76' lang='lat' dir='ltr'>subeunt</span> <span class='ocrx_word' id='word_1_437' title='bbox 647 2793 768 2832; x_wconf 81' lang='lat' dir='ltr'>orbem,</span> <span class='ocrx_word' id='word_1_438' title='bbox 788 2794 920 2834; x_wconf 88' lang='lat' dir='ltr'>pariter</span> <span class='ocrx_word' id='word_1_439' title='bbox 937 2793 1143 2825; x_wconf 87' lang='lat' dir='ltr'>decrescunt</span> <span class='ocrx_word' id='word_1_440' title='bbox 1164 2796 1322 2835; x_wconf 87' lang='lat' dir='ltr'>tempora</span> <span class='ocrx_word' id='word_1_441' title='bbox 1344 2794 1533 2826; x_wconf 87' lang='lat' dir='ltr'>eorundem</span> <span class='ocrx_word' id='word_1_442' title='bbox 1551 2798 1726 2828; x_wconf 88' lang='lat' dir='ltr'>astrorum</span> 
     </span>
     <span class='ocr_line' id='line_1_46' title="bbox 184 2844 1736 2886; baseline 0.002 -10"><span class='ocrx_word' id='word_1_443' title='bbox 184 2844 249 2876; x_wconf 80' lang='lat' dir='ltr'>sub</span> <span class='ocrx_word' id='word_1_444' title='bbox 285 2850 399 2876; x_wconf 86' lang='lat' dir='ltr'>terras</span> <span class='ocrx_word' id='word_1_445' title='bbox 436 2844 735 2884; x_wconf 87' lang='lat' dir='ltr'>descendentium,</span> <span class='ocrx_word' id='word_1_446' title='bbox 770 2855 858 2886; x_wconf 87' lang='lat' dir='ltr'>quae</span> <span class='ocrx_word' id='word_1_447' title='bbox 896 2848 1029 2886; x_wconf 84' lang='lat' dir='ltr'>quanto</span> <span class='ocrx_word' id='word_1_448' title='bbox 1067 2844 1204 2876; x_wconf 87' lang='lat' dir='ltr'>tardius</span> <span class='ocrx_word' id='word_1_449' title='bbox 1241 2846 1405 2877; x_wconf 85' lang='lat' dir='ltr'>oriuntur</span> <span class='ocrx_word' id='word_1_450' title='bbox 1442 2849 1543 2878; x_wconf 87' lang='lat' dir='ltr'>tanto</span> <span class='ocrx_word' id='word_1_451' title='bbox 1581 2847 1736 2880; x_wconf 80' lang='lat' dir='ltr'>celerius-</span> 
     </span>
     <span class='ocr_line' id='line_1_47' title="bbox 183 2895 1635 2939; baseline 0.002 -12"><span class='ocrx_word' id='word_1_452' title='bbox 183 2896 361 2928; x_wconf 86' lang='lat' dir='ltr'>occidunt.</span> <span class='ocrx_word' id='word_1_453' title='bbox 410 2896 547 2928; x_wconf 79' lang='lat' dir='ltr'>subeunt</span> <span class='ocrx_word' id='word_1_454' title='bbox 564 2898 605 2928; x_wconf 87' lang='lat' dir='ltr'>ut</span> <span class='ocrx_word' id='word_1_455' title='bbox 621 2895 723 2928; x_wconf 88' lang='lat' dir='ltr'>Ouid.</span> <span class='ocrx_word' id='word_1_456' title='bbox 744 2895 825 2928; x_wconf 82' lang='lat' dir='ltr'>fast.</span> <span class='ocrx_word' id='word_1_457' title='bbox 848 2905 861 2927; x_wconf 93' lang='lat'>1</span> <span class='ocrx_word' id='word_1_458' title='bbox 877 2896 941 2928; x_wconf 87' lang='lat'>314</span> <span class='ocrx_word' id='word_1_459' title='bbox 957 2895 1116 2928; x_wconf 79' lang='lat' dir='ltr'>occiduas</span> <span class='ocrx_word' id='word_1_460' title='bbox 1134 2895 1189 2928; x_wconf 82' lang='lat' dir='ltr'>ille</span> <span class='ocrx_word' id='word_1_461' title='bbox 1207 2895 1365 2937; x_wconf 84' lang='lat' dir='ltr'>(Cancer)</span> <span class='ocrx_word' id='word_1_462' title='bbox 1383 2897 1503 2930; x_wconf 83' lang='lat' dir='ltr'>subibit</span> <span class='ocrx_word' id='word_1_463' title='bbox 1524 2908 1635 2939; x_wconf 79' lang='lat' dir='ltr'>aqua-s·</span> 
     </span>
    </p>
   </div>
  </div>
 </body>
</html>
