1877 3146
624 147 1108 191 ASTRONOMIOON
1149 149 1225 191 III
1643 151 1698 189 29

332 276 407 303 nec
428 262 655 303 manifesta
674 267 795 317 patet
816 262 911 303 falsi
930 262 1099 303 fallacia
1119 262 1279 312 mundi,

332 336 403 377 sed
425 336 572 377 similis
592 336 717 377 simili
737 341 831 378 toto
852 351 939 378 nox
957 336 1148 378 redditur
1167 351 1273 378 aeuo
1291 351 1300 386 3

331 410 527 451 omnibus
548 416 782 452 autumnus
802 411 944 466 signis,
966 425 1040 452 uer
1059 411 1254 452 omnibus
1274 425 1419 461 unum,

331 499 416 525 una
438 485 552 539 quod
572 485 738 540 aequali
757 485 965 526 lustratur
985 485 1092 526 linea
1114 485 1298 527 Phoebo.

205 565 274 597 315
330 573 405 600 nec
426 559 553 600 refert
572 565 676 600 tunc
697 574 781 614 quo
803 559 1000 601 Phoebus
1019 560 1216 601 decurrat
1236 560 1279 601 in
1299 565 1427 610 astro,

329 633 580 674 litoreumne
601 639 758 688 coquat
778 633 987 675 Cancrum
1007 639 1210 676 contrane
1229 634 1402 684 feratur,

330 707 553 760 [sideribus
574 707 722 749 mediis
743 722 797 748 an
819 722 927 762 quae
947 708 1033 750 sint
1054 714 1258 763 quattuor
1277 709 1404 762 inter]

144 918 345 954 iungantur
361 916 442 948 libri
532 916 593 947 311
617 916 680 947 312
704 928 767 949 nec
783 918 841 959 qui
859 917 992 949 deleuit
1008 917 1190 950 Bentleius
1211 929 1274 950 nec
1296 919 1404 950 ceteri
1426 918 1688 950 intellexerunt.

144 967 239 1008 quod
271 967 399 999 falsum
430 968 600 999 mundum
631 972 736 1010 poeta
766 969 923 1010 appellat
953 969 1096 1011 eiusque
1132 969 1306 1001 fallaciam
1344 970 1379 1001 in
1416 972 1512 1001 recta
1542 969 1690 1011 sphaera

146 1022 253 1060 negat
284 1028 463 1060 apparere,
498 1018 672 1061 significat
708 1020 926 1051 ascensiones
962 1021 1152 1061 signorum,
1186 1020 1347 1061 quamuis
1377 1031 1414 1052 re
1445 1031 1538 1059 uera,
1573 1022 1613 1052 ut
1644 1020 1690 1052 ad

145 1070 210 1102 306
233 1069 320 1108 dixi,
344 1070 543 1112 inaequales
567 1071 650 1108 sint,
673 1073 791 1102 tamen
816 1070 1015 1102 hominibus
1039 1071 1112 1103 illic
1136 1071 1344 1113 degentibus
1367 1071 1529 1113 aequales
1552 1071 1690 1109 uideri;

143 1125 228 1153 sunt
245 1122 335 1152 enim
353 1124 437 1162 πρὸσ
452 1124 509 1160 τὴν
527 1123 675 1160 αἴσθησιν
693 1122 865 1164 aequales,
880 1133 991 1164 neque
1008 1122 1083 1154 dies
1099 1127 1288 1165 noctesque
1304 1123 1505 1165 inaequales
1520 1123 1687 1155 reddunt.

145 1183 234 1214 quae
261 1172 402 1205 fallacia
429 1174 465 1205 in
489 1173 660 1205 inclinata
682 1174 830 1215 sphaera
854 1174 922 1205 iam
947 1185 1017 1206 non
1041 1175 1143 1213 latet,
1170 1185 1278 1217 eoque
1304 1175 1414 1217 magis
1437 1175 1625 1207 manifesta
1649 1173 1690 1206 fit

145 1235 214 1266 quo
245 1225 382 1266 longius
413 1225 457 1256 ab
488 1230 677 1267 aequatore
708 1226 885 1257 receditur
988 1226 1051 1257 312
1081 1229 1143 1258 sed
1173 1226 1481 1268 Regiomontanus,
1515 1235 1579 1258 nec
1609 1226 1689 1258 libri

145 1276 294 1308 fortasse
322 1287 363 1308 ex
392 1287 495 1308 uersu
527 1277 716 1318 superiore,
745 1283 773 1308 et
805 1277 931 1319 Fayus.
981 1278 1258 1310 emendationem
1287 1279 1519 1310 necessariam
1545 1288 1619 1310 esse
1646 1288 1689 1309 ex

144 1329 194 1360 eis
211 1339 299 1370 quae
316 1339 422 1370 supra
438 1329 584 1370 exposui
606 1329 837 1370 intellegitur.
887 1329 944 1361 sed
967 1333 1004 1361 et
1029 1340 1086 1362 nec
1111 1330 1177 1361 etsi
1201 1340 1269 1361 non
1294 1331 1345 1361 ita
1369 1330 1497 1361 similia
1521 1329 1690 1361 uidentur

144 1385 262 1414 tamen
290 1382 384 1414 haud
412 1394 490 1414 raro
517 1386 777 1425 permutantur,
796 1383 896 1415 uelut
920 1384 1026 1426 Verg.
1047 1395 1161 1426 georg.
1186 1393 1231 1416 111
1262 1386 1334 1423 176,
1362 1385 1444 1416 Luc.
1465 1394 1510 1416 111
1537 1385 1613 1423 503,
1632 1393 1689 1416 v11

144 1435 219 1473 671,
240 1434 337 1476 Caip.
357 1434 436 1466 buc.
455 1444 484 1466 11
506 1437 537 1473 3,
557 1434 646 1467 Stat.
668 1435 755 1467 Ach.
777 1444 806 1467 11
823 1436 898 1474 435,
918 1435 1025 1467 Mart.
1043 1445 1066 1467 v
1088 1437 1130 1468 20
1149 1436 1180 1474 7,
1200 1445 1255 1467 ΧΠ
1278 1438 1320 1468 56
1335 1437 1367 1474 2,
1387 1437 1429 1468 62
1444 1438 1476 1475 4,
1495 1436 1566 1469 Cic.
1588 1436 1685 1468 acad.

143 1496 194 1527 pr.
216 1495 245 1517 11
270 1487 322 1525 73,
342 1485 385 1517 de
409 1485 472 1528 leg.
494 1496 565 1527 agr.
587 1495 616 1517 Π
640 1488 693 1524 51,
713 1486 839 1518 Iustin.
860 1495 932 1518 X111
957 1488 972 1518 l
999 1487 1039 1518 10
1125 1490 1298 1525 redditur,
1318 1487 1480 1519 refertur.
1530 1486 1624 1529 quod
1645 1486 1689 1518 de

143 1537 306 1569 noctibus
337 1538 480 1576 dicitur,
511 1537 546 1569 id
577 1539 772 1569 necessario
800 1538 907 1570 etiam
938 1539 974 1570 in
1005 1538 1080 1570 dies
1111 1538 1208 1570 cadit
1295 1539 1358 1569 313
1385 1542 1576 1570 autumnus
1602 1541 1626 1570 L
1653 1542 1690 1570 et

141 1599 229 1621 corr.
257 1600 347 1620 man.
376 1591 391 1621 1
417 1600 459 1620 ex
483 1592 666 1621 autumnis
689 1592 725 1627 G,
751 1592 926 1621 acuminis
949 1593 984 1621 M
1072 1590 1226 1622 omnibus
1253 1590 1370 1631 sionis,
1397 1591 1533 1622 scilicet
1556 1590 1627 1621 sole
1652 1590 1689 1622 in

140 1641 192 1672 eis
209 1640 389 1672 collocato.
439 1644 647 1672 autumnum
665 1646 701 1672 et
718 1652 779 1672 uer
796 1652 873 1673 cum
895 1641 994 1680 dicit,
1014 1641 1093 1673 uult
1112 1642 1372 1684 aequinoctium
1461 1641 1524 1673 314
1547 1641 1683 1674 Gemin.

143 1693 162 1724 6
193 1692 278 1726 26-7
312 1694 390 1724 ὅπου
430 1692 455 1724 δ’
475 1695 502 1724 οἱ
541 1694 634 1724 πόλοι
674 1694 726 1723 ἐπὶ
764 1695 821 1724 τοῦ
859 1693 1022 1733 ὀρίζοντοσ
1060 1696 1232 1725 πίπτουσιν
1251 1718 1257 1725 .
1280 1719 1286 1725 .
1308 1718 1314 1725 .
1335 1695 1482 1733 εὐλόὙωσ
1520 1695 1688 1734 συμβαίνει

141 1746 308 1784 ἰσημερίαν
337 1746 414 1775 εἶναι
441 1745 492 1775 διὰ
520 1746 646 1775 παντὸσ
674 1744 749 1785 παρ’
775 1746 897 1776 αὐτοΐσ.
948 1747 1078 1776 πάντασ
1108 1747 1166 1783 μὲν
1193 1746 1257 1786 ’γὰρ
1281 1747 1360 1777 rosso·
1385 1747 1523 1777 κύκλουσ
1550 1746 1566 1776 ὀ
1592 1747 1687 1784 ἥλιοσ

141 1797 322 1836 ἰσοχρόνωσ
351 1798 596 1836 περιστρέφεται
624 1798 677 1827 καὶ
703 1798 782 1827 τοὺσ
807 1798 959 1835 μείζονασ
987 1799 1039 1828 καὶ
1069 1799 1148 1828 rosto·
1175 1799 1356 1828 ἐλάττονασ
1383 1799 1434 1828 διὰ
1458 1798 1495 1828 τὸ
1520 1798 1592 1837 περί
1615 1809 1686 1827 τινα

140 1849 278 1886 μένοντα
310 1849 436 1886 σημεῖα,
467 1850 546 1879 ‘roilo’
571 1849 706 1887 πόλουσ,
733 1849 880 1888 ’γίνεσθαι
903 1849 962 1886 τὴν
987 1850 1203 1889 περιστροφὴν
1227 1848 1272 1888 τῷ
1296 1850 1402 1889 κόσμῳ
1490 1848 1552 1879 315
1576 1851 1688 1880 refert

142 1902 179 1938 G,
203 1902 341 1931 resera
366 1902 400 1937 L,
428 1908 555 1937 resque
579 1903 615 1931 et
638 1903 672 1931 M
760 1903 870 1932 tuunc
895 1900 987 1931 linea
1011 1899 1218 1932 transfixum
1244 1903 1288 1939 M,
1315 1899 1442 1932 deinde
1464 1904 1550 1932 tunc
1573 1903 1615 1931 ut
1638 1903 1687 1931 GL

229 1960 298 1989 quo
328 1950 438 1990 ΘΗΜ,
472 1954 565 1989 quod.
595 1954 618 1982 L
728 1955 817 1989 tunc,
850 1962 914 1993 pro
950 1962 1020 1993 quo
1050 1954 1175 1993 poetae
1211 1955 1379 1993 sequente
1409 1952 1583 1994 gutturali
1615 1956 1686 1983 tum

140 2002 354 2041 scribebant,
373 2003 435 2034 uix
452 2006 575 2044 aptum
591 2013 665 2034 esse
687 2002 793 2041 dicas,
814 2013 925 2044 neque
949 2003 1042 2034 enim
1066 2003 1109 2034 de
1133 2006 1230 2035 certo
1252 2003 1370 2045 aliquo
1393 2006 1550 2045 tempore
1573 2013 1687 2035 sermo

140 2057 207 2093 est,
227 2065 349 2086 uerum
372 2054 415 2085 de
437 2054 543 2093 omni,
562 2053 606 2085 de
628 2057 724 2086 certo
746 2057 864 2086 autem
887 2055 972 2086 loco.
1021 2065 1061 2086 ac
1083 2057 1199 2086 tamen
1222 2055 1335 2087 simile
1356 2066 1497 2097 prorsus
1518 2059 1573 2087 est
1591 2055 1686 2097 quod

141 2106 364 2138 Ptolemaeus
388 2110 481 2147 synt.
502 2115 532 2137 11
556 2107 576 2138 6
600 2106 704 2138 Heib.
725 2117 756 2148 p.
782 2107 839 2138 101
869 2107 907 2138 19
932 2106 974 2138 de
998 2106 1118 2138 eadem
1143 2117 1179 2138 re
1203 2106 1377 2139 disserens
1399 2107 1518 2149 posuit
1538 2108 1625 2146 τότε,
1646 2110 1686 2139 ut

141 2157 356 2199 significaret
382 2157 445 2189 illa
476 2157 680 2196 condicione,
711 2160 811 2198 ὀρθῆσ
842 2160 944 2196 οὔσησ
975 2160 1037 2197 τῆσ
1068 2161 1234 2199 σφαίρασ;
1269 2169 1332 2190 nec
1359 2170 1437 2191 raro
1464 2158 1586 2190 Liuius
1614 2162 1686 2191 tum

142 2219 271 2250 quoque
296 2208 387 2241 dixit
410 2220 474 2251 pro
497 2209 544 2241 sic
567 2220 708 2251 quoqne,
728 2209 827 2241 uelut
850 2218 970 2241 XXXVI
987 2210 1029 2242 30
1045 2210 1074 2242 6.
1124 2210 1185 2241 sed
1208 2221 1310 2242 nemo
1332 2211 1444 2242 bonus
1467 2210 1686 2242 uersificator

138 2266 224 2294 ante
250 2273 428 2294 caesuram
457 2268 528 2295 tum
554 2274 619 2304 quo
646 2264 763 2305 potius
791 2274 895 2305 quam
924 2274 989 2304 quo
1018 2268 1089 2296 tum
1115 2265 1296 2306 positurus
1321 2265 1413 2303 fuit3
1446 2268 1487 2296 ut
1514 2264 1686 2306 suspicari

140 2315 253 2356 possit
276 2315 403 2356 aliquis
426 2314 484 2346 iba·
506 2315 541 2346 in
566 2315 626 2347 tibi
649 2315 776 2347 abiisse
798 2315 1030 2357 praecedente
1053 2321 1076 2355 t,
1101 2316 1192 2347 sicut
1215 2316 1322 2348 simili
1343 2316 1546 2348 condicione
1567 2317 1603 2348 in
1621 2316 1687 2348 sibi

142 2377 174 2398 u.
203 2366 278 2405 306,
305 2367 327 2396 ti
352 2369 469 2397 autem
494 2366 609 2398 uisum
635 2376 709 2398 esse
735 2368 774 2398 τὲ.
824 2366 911 2397 mihi
938 2367 1012 2398 ueri
1039 2366 1189 2398 similius
1211 2367 1365 2404 uidetur,
1390 2378 1468 2399 cum
1495 2370 1601 2409 poeta
1626 2378 1686 2400 nec

140 2418 245 2457 refert
262 2416 352 2449 illic
368 2428 433 2458 quo
446 2417 504 2449 sot
519 2418 681 2450 decurrat
698 2418 837 2449 inostro
851 2418 1060 2459 scripsisset,
1073 2418 1251 2460 geminata
1265 2424 1277 2450 t
1289 2419 1411 2450 littera
1422 2419 1505 2451 tillic
1519 2424 1598 2451 tuuc
1608 2424 1686 2452 tuuc

141 2469 274 2501 factum
294 2479 379 2508 esse,
399 2468 526 2500 deinde
550 2470 655 2501 metri
679 2480 783 2501 causa
805 2480 847 2501 ex
870 2480 973 2501 uersu
995 2470 1173 2511 superiore
1192 2470 1367 2502 adscitum
1391 2471 1555 2503 Phoebus.
1603 2471 1686 2503 uide

142 2530 171 2552 11
202 2521 263 2553 194
290 2531 366 2552 cum
393 2520 441 2552 sol
468 2521 643 2562 aequoreis
674 2521 832 2553 reuolans
862 2520 1014 2553 decurrit
1045 2523 1080 2552 in
1111 2522 1214 2553 astris
1303 2522 1365 2552 316
1391 2532 1435 2554 ne
1465 2523 1582 2564 priore
1609 2523 1685 2555 1000

141 2572 228 2604 Vrb.
255 2572 330 2610 667,
353 2581 397 2604 ue
420 2575 526 2610 GLM3
559 2572 672 2604 altero
695 2581 738 2604 ne
763 2575 821 2611 GL,
846 2581 890 2604 ue
914 2576 948 2604 M
1035 2573 1192 2605 litoream
1219 2578 1341 2614 coquat
1367 2574 1550 2612 Cancrum,
1577 2574 1679 2607 Ouid.

141 2627 224 2656 met.
244 2633 269 2655 X
295 2624 356 2655 126
380 2634 429 2665 sq.
450 2624 590 2665 solisque
614 2634 743 2665 uapore
763 2624 767 2665 l
789 2634 940 2656 concaua
961 2623 1072 2656 litorei
1086 2624 1272 2665 fervebant
1294 2625 1453 2657 bracchia
1471 2625 1599 2659 Cancri

185 2680 314 2714 contra,
344 2676 380 2707 in
411 2676 559 2707 aduerso
591 2675 795 2717 Capricorni
823 2676 922 2717 signo
1011 2675 1073 2707 317
1105 2676 1239 2708 deleuit
1267 2676 1456 2716 Bentleius,
1483 2676 1527 2709 ab
1554 2677 1685 2709 infanti

141 2731 178 2759 et
201 2727 384 2769 insipienti
407 2727 546 2758 homine
570 2726 769 2766 confictum,
788 2727 849 2769 qui
874 2738 951 2759 cum
975 2738 1045 2759 non
1068 2727 1300 2769 intellegeret,
1328 2728 1422 2770 quod
1449 2728 1493 2760 de
1518 2730 1685 2761 extremis

139 2780 248 2819 signis
272 2779 406 2811 Cancro
429 2782 466 2810 et
488 2778 700 2820 Capricorno
724 2779 859 2811 dictum
876 2784 979 2818 esset,
999 2779 1035 2811 id
1057 2780 1252 2811 necessario
1276 2780 1319 2812 de
1343 2780 1486 2822 reliquis
1509 2781 1682 2820 concludi,

141 2830 230 2862 hanc
253 2829 477 2869 sententiam,
501 2840 548 2861 an
572 2829 739 2862 sideribus
762 2830 851 2862 inter
877 2830 1050 2862 Cancrum
1073 2835 1102 2862 et
1128 2830 1379 2871 Capricornum
1403 2831 1525 2864 mediis
1549 2832 1685 2872 (Ariete

140 2882 309 2914 uidelicet
324 2885 361 2914 et
376 2881 508 2920 Libra),
528 2892 574 2913 an
591 2881 647 2920 eis,
667 2892 753 2923 quae
769 2887 846 2914 sunt
862 2881 950 2914 inter
966 2887 1127 2923 quattuor
1143 2882 1216 2922 illa,
1235 2883 1271 2915 in
1287 2893 1426 2916 uersum
1444 2883 1688 2916 hexametrum
