1877 3146
630 101 1114 146 ASTRONOMICON
1158 102 1234 145 III
1651 106 1705 144 57

217 222 287 255 560
397 220 452 266 et,
474 216 677 272 quoniam
695 216 833 266 docui,
855 230 931 272 per
948 215 1114 272 singula
1131 221 1341 271 tempora,
1363 214 1479 257 uitae

342 289 457 345 quod
477 290 733 346 quandoque
752 305 883 347 genus
901 290 1062 340 ueniat,
1084 289 1288 344 cuiusque
1306 288 1363 331 sit
1383 288 1487 330 astri

343 364 521 420 quisque
540 379 688 415 annus,
710 365 830 407 cujus
849 365 1017 415 mensis,
1038 363 1164 405 simul
1185 363 1287 405 hora
1306 362 1493 418 diesque,

343 437 477 480 altera
496 453 609 481 nunc
628 439 751 490 ratio,
774 453 883 495 quae
901 452 1116 481 summam
1134 437 1325 479 continet
1344 437 1452 487 aeui,

343 512 557 555 reddenda
577 519 654 562 est,
676 518 782 569 quot
802 527 997 569 quaeque
1016 526 1149 554 annos
1168 511 1270 553 dare
1288 511 1408 567 signa
1426 510 1630 553 ferantur.

217 592 287 626 565
343 601 452 642 quae
469 587 563 638 tibi,
585 601 683 629 cum
701 587 830 629 finem
848 587 965 629 uitae
984 601 1058 642 per
1076 586 1214 627 sidera
1234 585 1412 641 quaeris,

343 661 605 717 respicienda
625 667 770 704 manet
790 661 900 704 ratio
920 661 1189 715 numerisque
1208 659 1410 702 notanda.

345 735 409 777 bis
430 736 582 791 quinos
600 750 734 778 annos
753 735 873 778 Aries
893 749 1112 790 unumque
1129 734 1285 777 triente

344 809 593 852 fraudatum
612 809 746 852 dabit.
805 809 1013 865 adpositis
1031 814 1094 859 tu,
1116 808 1265 858 Taure,
1286 807 1453 849 duobus

344 883 490 935 mucis,
511 890 577 927 set
594 883 781 927 totidem
800 884 1075 926 Geminorum
1094 882 1273 925 uinceris
1292 886 1419 924 astro.

219 965 289 997 570
344 963 478 1013 tuque
497 957 562 1000 bis
581 963 770 1008 octonos,
793 958 964 1008 Cancer,
986 957 1192 1012 binosque
1209 956 1400 1006 trientes,

345 1031 494 1087 bisque
513 1047 682 1081 nouem,
704 1032 923 1080 Nemeaee‚
947 1031 1064 1073 dabis
1083 1031 1331 1085 bessemque
1348 1029 1429 1072 sub
1448 1029 1539 1072 illis.

344 1106 527 1162 Erigone
546 1106 820 1163 geminatque
839 1106 986 1148 decem
1004 1105 1277 1162 geminatque
1294 1104 1508 1154 trientem,

346 1195 422 1223 nec
441 1181 581 1237 plures
601 1181 760 1223 fuerint
780 1180 931 1223 Librae
951 1194 1082 1236 quam
1101 1179 1283 1235 Virginis
1303 1179 1414 1221 anni.

345 1255 539 1311 Scorpios
559 1255 762 1312 aequabit
781 1255 1043 1298 tribuentem
1061 1254 1174 1296 dona
1194 1253 1390 1296 Leonem.

220 1337 290 1370 575
345 1329 545 1372 Centauri
564 1330 723 1372 fuerint
743 1330 893 1372 eadem
912 1343 1022 1385 quae
1042 1343 1217 1371 munera
1236 1327 1397 1370 Cancri.

345 1410 411 1447 ter
430 1405 593 1461 quinos,
616 1404 880 1461 Capricorne,
902 1404 1037 1454 dares,
1058 1403 1093 1445 si
1115 1408 1320 1459 quattuor
1340 1408 1479 1444 essent

345 1479 529 1535 adpositi
550 1494 724 1522 menses.
785 1478 1019 1534 triplicabit
1037 1477 1249 1533 Aquarius
1269 1491 1402 1519 annos

163 1647 347 1679 perperam
364 1637 555 1680 Pingraeus
574 1637 661 1670 ‘fait
676 1637 776 1680 place
792 1638 812 1669 a
835 1647 883 1669 un
902 1639 1004 1668 autre
1028 1639 1144 1678 temps
1155 1635 1174 1674 ³,
1194 1635 1289 1677 quod
1308 1634 1399 1667 nihil
1420 1635 1562 1668 attinet.
1611 1635 1711 1668 uerbi

163 1699 268 1721 causa
290 1699 403 1721 annus
422 1700 539 1722 mense
562 1689 736 1721 efficiente
759 1688 994 1720 mutationem
1017 1687 1114 1719 subit
1203 1686 1265 1718 559
1281 1689 1425 1719 uas-iata
1440 1686 1514 1726 (312²,
1532 1689 1712 1720 uariatam

163 1743 209 1779 M,
227 1743 433 1773 uariantam
448 1744 472 1772 1.
559 1740 695 1773 diemm
710 1739 934 1782 potissimum
950 1749 1012 1771 cur
1032 1738 1095 1770 fiat
1111 1738 1244 1770 mentio
1259 1738 1347 1770 mihi
1367 1737 1554 1770 obscurum
1569 1741 1624 1771 est

206 1792 357 1824 560-580
386 1793 534 1826 docetur
563 1796 649 1836 quot
680 1803 838 1835 quaeque
875 1792 974 1834 signa
1011 1792 1109 1823 uitae
1146 1801 1256 1822 annos
1286 1801 1490 1833 mensesque
1528 1790 1712 1830 tribuant;

164 1855 313 1886 quarum
348 1856 563 1878 summarum
599 1845 691 1877 ratio
722 1845 759 1877 in
789 1845 1008 1887 praefatione
1047 1844 1207 1885 exposita
1244 1846 1299 1875 est
1387 1842 1451 1874 560
1487 1842 1712 1885 interpunxit

163 1897 346 1930 Bentleius
439 1900 542 1930 docui
575 1897 770 1936 Bentleius,
810 1899 891 1928 duci
928 1896 1024 1935 libri,
1064 1895 1141 1927 dixi
1179 1894 1480 1936 Regiomontanus
1575 1894 1712 1936 sinyula

163 1953 331 1990 tempora,
348 1959 458 1981 annos
474 1959 611 1981 menses
627 1948 702 1981 dies
719 1949 823 1980 horas
911 1947 972 1978 561
990 1949 1114 1979 ueniat
1130 1945 1324 1985 Bentleius,
1340 1948 1440 1978 uenit
1455 1945 1538 1978 libri
1553 1949 1594 1978 ut
1610 1945 1714 1978 modo

165 2000 217 2032 ita
246 2003 404 2043 tempore
430 2011 562 2043 prauo:
597 1999 680 2032 uide
707 2000 752 2032 ad
779 2000 855 2038 385,
883 2002 920 2031 et
946 1999 990 2030 de
1017 1998 1220 2039 quandoque
1245 1997 1291 2029 ad.
1319 2006 1348 2029 11
1375 1997 1439 2031 745
1527 1996 1590 2028 563
1621 1998 1711 2035 aeui,

164 2052 294 2085 aetatis
309 2052 483 2085 humanae
571 2052 634 2083 565
659 2051 702 2084 de
716 2052 790 2094 fine
811 2051 903 2083 uitae
925 2050 1138 2093 peculiarem
1160 2060 1196 2081 se
1217 2049 1348 2081 librum
1364 2049 1544 2090 scripsisse
1559 2051 1715 2081 testatus

163 2108 218 2137 est
233 2105 406 2137 Firmicus
429 2105 538 2137 math.
553 2113 609 2136 vn
625 2105 644 2139 7
661 2105 682 2136 4
769 2103 832 2134 567
849 2105 980 2135 triente
997 2102 1162 2143 Scaliger,
1180 2103 1348 2134 trientem
1363 2100 1446 2133 libri
1535 2100 1598 2132 569
1610 2104 1665 2133 set
1676 2104 1711 2140 L,

164 2158 227 2188 sed
257 2155 331 2195 GL2,
364 2159 401 2188 et
430 2159 465 2188 M
554 2155 693 2188 totidem
730 2154 902 2197 adpositis
940 2155 1053 2193 annis,
1093 2157 1180 2195 quot
1217 2152 1390 2194 adpositis
1427 2152 1564 2184 Taurus
1601 2153 1714 2185 uincit

165 2208 336 2247 Arietem,
356 2207 496 2240 Gemini
511 2207 667 2239 Taurum
688 2207 838 2239 uincunt
926 2205 989 2237 570
1011 2208 1111 2237 binos
1134 2207 1193 2243 GL,
1216 2213 1327 2236 annos
1346 2207 1381 2235 M
1469 2203 1531 2235 571
1547 2212 1715 2236 nemeaee

165 2259 400 2298 Prucknerus‚
420 2268 564 2291 nemeae
585 2262 623 2298 G,
643 2267 744 2291 neme
763 2268 782 2290 e
798 2261 868 2297 ΒΜ,
886 2260 994 2299 atque
1015 2257 1066 2289 ita
1084 2256 1156 2289 fere
1176 2255 1260 2288 libri
1281 2254 1442 2287 omnibus
1463 2255 1558 2293 locis,
1584 2264 1614 2287 11
1635 2256 1714 2295 623,

166 2321 207 2344 IV
223 2313 298 2351 336,
317 2312 392 2350 464,
409 2311 483 2350 706,
499 2311 575 2351 759,
593 2321 766 2352 nusquam
782 2311 877 2342 recte
966 2311 1066 2341 dabis
1080 2308 1154 2340 cod.
1171 2307 1287 2346 Bodl.‚
1299 2310 1436 2340 tribues
1449 2309 1518 2346 LM,
1532 2309 1663 2339 tribuis
1675 2311 1715 2348 G,

166 2363 261 2405 quod
273 2362 420 2395 uerbum
433 2363 536 2395 metri
550 2372 654 2394 causa
667 2361 902 2394 substitutum
915 2364 980 2400 est,
995 2359 1290 2403 quemadmodum
1301 2359 1378 2391 Tib.
1389 2367 1419 2390 11
1436 2359 1456 2391 3
1468 2359 1511 2391 43
1521 2368 1584 2400 pro
1598 2358 1716 2392 bellica

165 2425 243 2448 cum
259 2415 373 2447 dubiis
387 2419 502 2447 rostra
517 2414 610 2446 dedic
634 2414 766 2446 ratibus
784 2414 821 2446 in
843 2413 1019 2455 excerptis
1039 2412 1210 2445 Parisinis
1231 2414 1402 2443 nouatum
1422 2415 1476 2443 est
1500 2421 1575 2443 cum
1597 2411 1716 2444 tribuit

167 2467 291 2500 dubiae
314 2467 432 2499 bellica
452 2471 566 2498 rostra
588 2467 659 2498 rati
671 2478 681 2504 ;
705 2477 745 2498 ac
764 2465 914 2498 fortasse
936 2464 999 2497 -bis
1019 2469 1165 2507 propter
1187 2463 1252 2495 bes·
1269 2463 1459 2495 exciderat.
1507 2465 1603 2495 certe
1618 2463 1716 2495 nullo

166 2519 308 2551 nomine
331 2522 515 2561 praestant
539 2528 629 2560 quae
656 2518 852 2551 coniectata
877 2520 961 2549 sunt
985 2516 1035 2548 bis
1061 2516 1197 2555 tribues,
1230 2515 1410 2554 Nemeaea,
1439 2525 1559 2547 nouem
1585 2519 1621 2547 et
1652 2515 1713 2555 bis,

167 2571 346 2610 Nemeaee,
369 2573 490 2602 nouem
511 2569 636 2602 tribues
648 2581 657 2608 ;
681 2580 760 2601 nam
783 2580 861 2601 cum
883 2568 1031 2600 uerbum
1052 2568 1160 2600 etiam
1182 2567 1227 2599 ad
1247 2566 1506 2599 nominatiuum
1522 2568 1559 2598 et
1575 2577 1712 2600 accusa-

166 2623 262 2656 tiuos
286 2623 322 2654 in
349 2622 528 2664 superiore
551 2631 656 2653 uersu
681 2621 816 2663 positos
837 2621 1028 2662 pertineat,
1053 2620 1115 2651 uix
1138 2621 1257 2661 potest
1284 2618 1403 2650 omitti
1429 2618 1629 2650 coniunctio

211 2678 347 2707 bessem
373 2677 408 2705 M
432 2674 526 2705 sicut
552 2672 708 2715 Scaliger
731 2672 800 2704 iam
828 2676 906 2704 tum
931 2671 1128 2703 coniecerat
1152 2681 1232 2702 cum
1256 2669 1542 2702 circumferretur
1568 2669 1619 2702 bis
1645 2681 1713 2709 sex,

165 2729 300 2759 bissem
330 2728 381 2757 GL
467 2724 527 2758 sub
550 2724 632 2764 illis,
660 2724 732 2756 illis
757 2723 985 2756 subiunctum
1072 2722 1137 2754 573
1161 2724 1247 2755 anni
1273 2720 1347 2761 GL2,
1376 2723 1479 2753 annis
1505 2724 1564 2753 Lm
1652 2721 1715 2753 575

166 2779 329 2811 centauri
344 2776 436 2816 L2M‚
455 2778 618 2809 centauri
633 2778 668 2816 L,
688 2784 767 2808 cum
781 2778 880 2808 tauri
895 2778 922 2807 G
1009 2774 1073 2806 576
1093 2777 1213 2806 essent
1227 2772 1264 2806 L2
1280 2776 1317 2805 et
1333 2784 1377 2805 ex
1392 2772 1533 2805 Bentlei
1553 2772 1719 2805 Becherti

168 2829 321 2863 Breiteri
346 2829 487 2862 silentio
512 2831 549 2868 G,
576 2831 670 2861 esset
695 2830 753 2860 m
775 2830 811 2860 et
836 2830 928 2860 teste
955 2826 1142 2859 Thomasio
1165 2829 1191 2858 G
1278 2824 1342 2857 577
1367 2827 1568 2864 implicabit
1589 2824 1719 2857 Bonin-
