1877 3146
597 103 1084 147 ASTRONOMICON
1125 104 1201 145 III
1621 105 1671 144 17

189 224 254 256 190
311 231 438 272 quem
457 216 564 257 bene
582 215 752 271 partitis
773 220 1012 257 memorant
1032 215 1294 269 horoscopon
1314 215 1450 256 astris.

308 290 351 332 in
373 290 670 345 quodcumque
689 289 818 345 igitur
838 302 1038 330 numerus
1057 288 1297 344 peruenerit
1317 294 1480 330 astrum

307 365 386 406 hoc
406 364 461 406 da
481 364 706 406 Fortunae.
766 363 912 418 iunges
931 369 1027 405 tum
1046 368 1185 405 cetera
1205 363 1332 418 signis

307 438 426 480 athla
446 438 544 488 suis,
566 443 681 479 certo
701 437 984 479 subeuntibus
1004 437 1149 479 ordine
1169 436 1343 479 cunctis.

308 517 366 562 at,
389 527 487 554 cum
506 511 694 554 obducta
713 511 841 567 nigris
862 526 948 553 nox
968 511 1114 553 orbem
1131 511 1287 553 texerit
1306 511 1395 561 alis,

186 594 251 626 195
306 587 341 627 si
362 586 455 641 quis
476 586 554 628 erit
575 586 647 641 qui
667 591 764 627 tum
784 591 977 627 materna
997 585 1221 628 excesserit
1241 585 1350 635 aluo,

306 666 426 702 uerte
444 660 549 710 uias,
572 660 682 702 sicut
701 665 881 702 naturae
900 659 1083 701 uertitur
1102 659 1217 700 ordo.

307 735 476 776 consule
494 740 591 776 tum
610 733 809 775 Phoeben
829 733 1072 775 imitantem
1091 733 1254 774 lumina
1272 733 1415 774 fratris

305 822 469 863 semper
489 813 531 849 et
551 807 593 848 in
614 807 783 863 proprio
803 813 1051 862 regnantem
1069 813 1263 862 tempore
1281 807 1418 849 noctis
1433 821 1442 857 ;

307 887 496 937 quotque
516 881 571 923 ab
592 896 639 923 ea
660 881 857 923 Phoebus
877 887 1020 936 partes
1042 887 1084 923 et
1103 881 1222 936 signa
1242 881 1400 923 recedit

181 965 248 996 200
304 962 372 998 tot
391 970 613 998 numerare
632 956 751 997 iubet
770 955 935 1011 fulgens
956 956 1214 1010 horoscopus
1234 970 1259 996 a
1277 970 1333 997 se.

305 1031 417 1072 hunc
438 1031 628 1072 Fortuna
647 1030 788 1071 locum
806 1035 953 1072 teneat
973 1029 1255 1072 subeuntibus
1275 1029 1415 1080 athlis,

305 1104 450 1146 ordine
469 1110 649 1146 naturae
668 1104 778 1146 sicut
799 1110 900 1146 sunt
920 1109 1075 1146 cuncta
1094 1104 1246 1146 locata.

359 1179 537 1220 forsitan
559 1184 600 1220 et
622 1193 812 1233 quaeras,
835 1178 933 1234 agili
953 1193 1042 1219 rem
1061 1178 1186 1219 corde
1206 1178 1454 1229 notandam,

305 1268 390 1309 qua
409 1253 574 1295 ratione
595 1268 736 1308 queas,
758 1253 913 1295 natalis
932 1258 1138 1309 tempore,
1160 1253 1251 1295 nati

123 1395 274 1425 totidem
297 1395 414 1425 ortiuo
437 1396 471 1424 M
559 1393 691 1425 orlinus
710 1396 792 1425 ante
814 1393 1002 1424 Manilium
1023 1404 1093 1424 non
1115 1393 1302 1434 reperitur,
1321 1396 1401 1434 post
1422 1403 1501 1425 eum
1523 1403 1666 1435 usurpa-

124 1449 209 1477 runt
232 1445 429 1487 Appuleius
453 1448 488 1477 et
512 1445 713 1477 Martianus
736 1444 891 1487 Capella,
913 1445 970 1477 hic
995 1445 1100 1476 etiam
1125 1444 1299 1477 occasiuus
1388 1444 1451 1475 190
1472 1448 1670 1477 memorant

123 1500 168 1536 M,
187 1500 360 1529 memorat
382 1499 432 1528 GL
519 1499 629 1528 astris
650 1496 722 1535 GU,
742 1499 832 1528 astri
855 1500 913 1528 ΕΜ
1002 1507 1105 1538 quem
1128 1500 1315 1539 postquam
1339 1500 1502 1528 accurate
1524 1497 1668 1538 partitis

122 1548 254 1580 zodiaci
284 1548 391 1580 astris
424 1548 636 1580 inuenerunt
667 1548 883 1590 horoscopon
912 1548 1103 1589 appellant.
1152 1551 1247 1579 astra
1279 1548 1454 1589 quomodo
1485 1548 1668 1590 horoscopi

123 1599 327 1631 inueniendi
343 1610 446 1631 causa
463 1600 664 1641 partiantur
686 1600 846 1631 uersibus
865 1600 1017 1632 203-509
1033 1600 1222 1641 exponitur
1313 1599 1374 1630 192
1396 1603 1481 1632 tunc
1497 1599 1579 1632 libri

168 1651 315 1682 194-202
346 1652 438 1683 ratio
463 1655 637 1683 nocturna
728 1651 789 1681 194
820 1662 899 1682 cum
925 1662 1006 1689 nox,
1034 1651 1110 1682 orbi
1135 1651 1300 1690 obducta,
1327 1651 1391 1683 alis
1418 1662 1497 1683 eum
1522 1652 1663 1684 texerit.

122 1703 266 1735 obducta
281 1713 349 1734 nox
365 1713 453 1744 quae
470 1706 562 1734 esset
578 1705 699 1744 patere
715 1713 758 1734 ex
775 1702 863 1744 Nep.
885 1703 949 1734 uit.
970 1703 1087 1734 Hann.
1105 1704 1125 1734 5
1140 1703 1162 1734 2
1177 1702 1320 1734 obducta
1336 1707 1427 1734 nocte
1443 1708 1616 1735 sarmenta
1632 1703 1668 1735 in

121 1754 277 1786 cornibus
293 1754 514 1786 izmencorum
530 1754 681 1794 deliqata
701 1753 849 1786 incendic
871 1754 956 1786 bene
976 1754 1164 1786 adnotauit
1185 1754 1349 1786 Handius
1371 1754 1415 1785 ad
1431 1754 1537 1786 Gron.
1559 1755 1663 1788 diatr.

122 1817 154 1848 p.
178 1807 262 1845 111;
294 1808 335 1837 ut
359 1806 553 1847 comparari
576 1806 687 1848 possit
711 1806 816 1848 Verg.
837 1807 926 1838 Aen.
947 1815 1018 1837 VIII
1042 1806 1106 1838 369
1133 1816 1201 1837 ‘nore
1227 1806 1298 1837 ruit
1326 1811 1356 1838 et
1373 1806 1487 1845 fuscis
1514 1806 1667 1839 tellurem

121 1857 340 1899 amplectitur
370 1857 436 1889 alis
466 1860 706 1899 appareatque
733 1868 801 1888 non
830 1861 923 1889 recte
950 1857 1085 1898 Fayum
1115 1857 1260 1889 obducta
1289 1858 1563 1899 interpretatum
1594 1868 1668 1890 esse

121 1914 252 1950 operta,
272 1910 339 1941 etsi
354 1919 417 1951 per
433 1920 469 1940 se
489 1920 558 1941 non
579 1909 692 1940 multo
714 1909 829 1940 minus
850 1908 938 1940 bene
959 1919 1028 1940 nox
1050 1910 1159 1950 nigris
1181 1908 1246 1940 alis
1269 1908 1423 1941 obducta
1446 1909 1520 1941 siue
1544 1914 1667 1952 operta

122 1961 254 1993 dicitur
277 1971 381 2003 quam
403 1961 526 2001 furuis
549 1960 780 1993 circumdatus
806 1961 871 1992 alis
896 1971 1032 1992 somnus
1052 1971 1073 1992 a
1094 1960 1234 1992 Tibullo
1255 1969 1285 1992 11
1308 1962 1323 1992 1
1348 1961 1389 1993 89
1410 1971 1460 2002 sq.
1510 1964 1665 1993 ceterum

122 2013 203 2044 uide
220 2022 244 2044 v
260 2013 302 2045 60
319 2014 437 2053 niqras
452 2022 521 2044 ποτ
536 2012 707 2044 contrahit
723 2012 799 2044 alas
890 2011 949 2042 195
973 2015 1137 2044 materna
1158 2012 1232 2044 cod.
1256 2011 1368 2051 Bod1.,
1387 2015 1547 2045 materno
1568 2016 1664 2052 GLM,

122 2067 164 2096 ut
193 2065 235 2097 56
265 2074 394 2096 summo
413 2089 419 2095 .
442 2089 448 2095 .
471 2089 478 2095 .
498 2063 629 2095 ratione
660 2064 764 2102 idem,
790 2064 833 2096 20
859 2074 983 2104 maqno
1000 2088 1007 2095 .
1029 2088 1036 2095 .
1058 2088 1064 2095 .
1086 2064 1188 2095 clas-se
1219 2066 1279 2103 GL,
1308 2064 1370 2098 174
1398 2065 1580 2105 praedicta
1597 2090 1604 2097 .
1626 2090 1633 2097 .
1655 2090 1662 2097 .

122 2116 242 2148 ordine
267 2118 299 2148 1..
349 2115 467 2147 aluum
494 2116 687 2147 masculino
718 2126 842 2157 genere
873 2118 1068 2157 posuerunt
1098 2117 1200 2157 (quos
1227 2120 1500 2148 commemorant
1528 2116 1666 2149 Nonius

121 2179 154 2210 p.
186 2167 258 2206 193,
287 2167 429 2198 Seruius
459 2167 546 2198 Aen.
579 2176 618 2198 11.
646 2168 700 2206 51,
731 2166 909 2198 Charisius
940 2165 1078 2198 G.L.K.
1099 2175 1112 2197 1
1143 2177 1174 2208 p.
1207 2167 1260 2205 80,
1290 2166 1490 2198 Priscianus
1521 2167 1606 2200 ibid.
1636 2177 1666 2200 11

122 2229 179 2260 pp.
202 2219 264 2250 163
283 2223 319 2250 et
340 2219 404 2250 268
425 2220 493 2260 sq.)
511 2218 660 2250 Plautus
682 2217 770 2250 Cato
793 2218 921 2250 Accius
943 2217 1073 2250 Caluus
1094 2218 1229 2256 Oinna3
1251 2217 1421 2249 feminino
1442 2218 1612 2251 Manilius
1636 2229 1666 2251 11

121 2271 196 2308 253,
212 2279 257 2301 111
279 2270 342 2304 377
359 2269 434 2309 (sed
450 2280 554 2302 masc.
575 2269 675 2301 codd.
696 2272 813 2309 rece),
831 2271 922 2301 sicut
938 2269 1116 2310 Vergilius
1134 2269 1281 2301 Ouidius
1299 2269 1406 2301 ceteri
1496 2269 1558 2301 196
1574 2276 1666 2303 uerte

122 2322 210 2361 uias,
229 2321 358 2363 inquit,
384 2323 466 2353 sicut
494 2326 639 2353 naturae
663 2321 810 2353 uertitur
834 2321 927 2353 ordo.
977 2320 1063 2362 quid
1088 2321 1194 2360 dieat,
1222 2321 1295 2363 ipse
1323 2321 1497 2363 explicare
1524 2323 1663 2364 pergit:

122 2372 418 2415 quemadmodum
439 2376 568 2404 natura
589 2373 732 2404 iubente
755 2372 813 2405 Sol
835 2372 939 2411 diem,
964 2372 1064 2404 Luna
1085 2376 1224 2404 noctem
1243 2373 1346 2415 regit,
1373 2373 1421 2404 sic
1445 2376 1485 2404 tu
1509 2373 1664 2406 interdiu

120 2437 141 2457 a
166 2425 245 2457 Sole
268 2424 313 2456 ad
336 2424 484 2463 Lunam,
510 2428 618 2456 noctu
643 2436 727 2456 uero
754 2435 774 2456 a
801 2424 901 2456 Luna
927 2423 973 2455 ad
1000 2423 1115 2456 Solem
1142 2435 1298 2463 numera,
1325 2424 1491 2456 nimirum
1514 2429 1665 2468 utroque

121 2483 279 2521 tempore
294 2489 356 2521 per
372 2478 470 2520 signa
487 2479 758 2521 consequentia;
782 2489 863 2510 nam
880 2478 923 2510 de
939 2489 1058 2510 eorum
1071 2489 1187 2510 errore
1203 2479 1265 2520 qui
1281 2478 1439 2510 ordinem
1455 2480 1665 2512 numerandi

122 2534 228 2563 noctu
245 2529 493 2562 inuertendum
515 2541 589 2562 esse
605 2531 889 2572 interpretantur
909 2530 996 2561 satis
1020 2529 1155 2561 dictum
1172 2534 1227 2561 est
1243 2530 1277 2561 in
1294 2530 1514 2572 praefatione
1603 2531 1666 2563 199

122 2586 208 2621 quot
232 2592 275 2613 ex
302 2581 442 2613 Bentlei
468 2581 647 2614 Thomasii
674 2581 839 2614 Becher-ti
867 2581 1009 2613 silentio
1036 2585 1062 2613 G
1088 2584 1124 2613 et
1151 2581 1187 2613 in
1211 2584 1235 2613 1.
1261 2592 1384 2614 manus
1411 2582 1663 2621 recentissima,

122 2638 190 2672 quo
206 2637 264 2665 Lm
279 2639 317 2665 et
332 2625 492 2665 Breitero
508 2636 600 2666 teste
616 2636 641 2665 G
728 2633 792 2665 200
814 2637 956 2672 fulgens
979 2636 1024 2671 Μ,
1043 2644 1109 2665 om.
1130 2636 1189 2672 GL,
1210 2633 1291 2665 uide
1316 2642 1345 2665 11
1369 2633 1431 2668 728
1455 2638 1492 2666 et
1515 2635 1579 2667 944

164 2684 316 2716 203-509
346 2685 559 2727 horoscopus
586 2685 760 2727 quomodo
788 2685 1020 2717 inueniendus
1047 2685 1094 2716 sit
1181 2684 1247 2715 204
1276 2685 1527 2728 distinguendo
1557 2687 1664 2718 inter-

120 2736 254 2779 pretari
270 2740 416 2769 conatus
432 2747 519 2768 sum.
568 2737 697 2769 natalis
713 2737 794 2776 diei,
813 2747 927 2778 neque
947 2736 1017 2768 alio
1038 2747 1141 2768 sensu
1163 2736 1201 2768 id
1220 2747 1346 2769 nomen
1364 2737 1460 2779 apud
1476 2737 1665 2770 Manilium

120 2792 230 2820 extat.
288 2787 375 2828 nati,
415 2788 489 2820 eius
524 2788 585 2830 qui
622 2791 726 2820 natus
763 2789 822 2827 sit,
855 2790 912 2820 τοῦ
945 2789 1101 2829 βρέφουσ,
1135 2788 1298 2830 genetiuo
1333 2788 1378 2820 ab
1409 2799 1448 2820 eo
1482 2788 1576 2831 quod
1611 2793 1666 2822 est

120 2840 330 2881 horoscopon
360 2850 538 2882 suspense,
573 2844 614 2872 ut
648 2839 726 2873 Sen.
761 2850 858 2882 apoc.
893 2841 913 2872 3
948 2841 969 2871 2
1004 2840 1126 2872 horam
1156 2839 1206 2879 (id
1236 2843 1290 2873 est
1319 2840 1564 2883 horoscopum)
1594 2840 1666 2873 eius

881 2892 903 2915 B
