1877 3146
199 144 255 184 40
795 147 856 190 M.
889 147 1141 190 M-ANILII

255 264 320 295 411
379 258 453 299 sed
473 265 588 301 certa
607 259 687 301 sub
707 259 807 315 lege,
830 259 978 315 prioris
997 274 1161 315 semper
1180 266 1230 302 ut
1249 261 1352 303 astri

378 331 632 374 incolumem
650 340 819 376 seruent
838 348 1050 375 summam
1069 340 1344 390 crescantque
1364 335 1573 377 nouando.

254 412 322 444 408
377 406 436 447 sic
456 407 535 448 erit
554 406 610 448 ad
628 421 840 448 summam
859 408 968 450 ratio
988 408 1193 463 perducta
1213 409 1396 463 priorem

378 495 507 535 quam
527 481 654 522 modo
673 481 818 523 diuisis
838 482 1073 524 Nemeaeus
1092 482 1263 525 duxerit
1284 483 1407 524 horis.

253 561 321 592 410
377 554 475 596 inde
494 555 585 609 pari
605 555 733 611 Virgo
753 556 956 611 procedat
975 557 1178 612 temporis
1198 563 1338 599 auctu.

252 635 320 666 413
378 628 441 670 his
461 643 594 684 usque
614 629 669 671 ad
689 630 838 672 Chelas
858 630 1056 672 horarum
1076 631 1270 686 partibus
1289 632 1426 673 auctis

376 717 450 757 per
467 703 651 745 totidem
671 718 693 745 e
712 704 839 746 Libra
859 704 1101 747 decrescent
1120 705 1257 747 sidera
1276 711 1429 760 partes.

251 784 319 815 415
376 783 430 827 et,
453 778 625 832 quantis
645 778 687 819 in
708 784 938 834 utrumque
958 779 1085 821 moris
1104 779 1308 822 tollentur
1327 780 1383 821 ad
1402 786 1533 831 ortus,

194 919 255 951 sed
292 926 451 963 superest
488 922 585 954 aliud
618 934 682 955 nec
716 923 839 955 leuius.
900 925 950 956 sic
984 925 1075 956 enim
1109 925 1279 967 pergitur,
1312 930 1412 967 atque
1447 926 1565 957 eadem
1602 925 1737 959 O'ancro

192 969 376 1013 similisque
405 973 521 1011 Leoni,
547 979 588 1005 ut
619 974 731 1006 cuiuis
762 975 951 1007 uideantur
982 975 1121 1007 Gemini
1151 975 1284 1008 Cancer
1315 976 1384 1007 Leo
1414 976 1535 1008 eodem
1565 977 1735 1018 temporis

193 1023 308 1064 spatio
332 1024 416 1056 oriri
443 1024 536 1063 dici;
572 1025 671 1057 deest
694 1026 797 1065 enirn,
817 1037 907 1068 quae
930 1026 1027 1058 nullo
1051 1030 1154 1069 pacto
1181 1028 1299 1059 omitti
1323 1028 1452 1069 potuit,
1471 1038 1672 1070 progressus
1699 1031 1736 1060 et

192 1074 399 1107 incrementi
415 1076 635 1118 significatio.
677 1087 753 1108 eam
767 1088 849 1110 uero
866 1079 1048 1110 continent
1061 1089 1182 1110 uersus
1197 1078 1260 1109 411
1276 1079 1350 1118 412,
1367 1090 1453 1121 quos
1469 1090 1546 1111 cum
1564 1079 1609 1111 ad
1625 1079 1734 1111 solam

192 1125 375 1168 Virginem
391 1127 521 1159 referre
537 1139 605 1159 non
621 1128 755 1165 liceret,
775 1129 819 1160 ad
835 1130 960 1161 seriem
976 1129 1130 1161 siderum
1146 1134 1304 1172 spectare
1320 1131 1389 1162 iam
1406 1130 1562 1173 Scaliger
1576 1134 1734 1163 senserat

192 1177 241 1209 sic
264 1177 532 1220 interpretatus,
556 1182 615 1211 ‘ea
639 1180 713 1221 lege
737 1181 854 1212 omnia
877 1181 962 1212 haec
986 1185 1146 1213 crescant
1168 1192 1230 1223 per
1252 1182 1481 1214 adiectionem
1506 1193 1675 1221 accessus,
1693 1185 1734 1215 ut

191 1239 326 1271 semper
342 1231 585 1263 antecedentis
601 1231 692 1273 signi
708 1232 864 1263 ascensio
881 1232 1065 1264 incolumis
1087 1236 1260 1271 seruetur,
1279 1235 1314 1265 et
1330 1233 1383 1265 illi
1399 1233 1558 1266 adiectus
1574 1244 1737 1266 excessus

190 1282 369 1322 sequentis
384 1282 474 1324 signi
491 1283 727 1314 ascensionem
740 1287 926 1325 componat
937 1284 944 1297 ²
958 1296 967 1322 3
991 1294 1080 1326 quae
1097 1285 1274 1316 sententia
1286 1295 1364 1316 cum
1377 1284 1493 1317 uerbis
1508 1296 1578 1316 non
1590 1286 1731 1324 inesset,

191 1332 314 1365 intulit
339 1344 415 1365 eam
438 1334 620 1366 Bentleius
642 1339 774 1366 seruent
798 1338 833 1366 et
857 1340 1007 1367 crescant
1031 1335 1204 1368 nouando.
1254 1336 1315 1367 sed
1338 1346 1450 1378 neque
1474 1337 1558 1368 haec
1581 1337 1675 1369 inter
1697 1348 1734 1369 se

190 1384 389 1423 cohaerent,
415 1386 579 1427 procedat
612 1386 714 1427 Viryo
741 1391 832 1418 certa
859 1387 917 1418 sub
944 1387 1024 1427 ἔρρε,
1050 1387 1182 1428 prioris
1207 1398 1337 1428 semper
1362 1393 1396 1419 ut
1422 1388 1510 1420 astri
1535 1387 1733 1420 incolumem

189 1442 321 1468 seruent
352 1447 531 1475 summam,
557 1448 669 1479 neque
694 1437 754 1469 illo
782 1438 921 1470 demum
949 1438 1025 1470 1000
1056 1439 1116 1471 sed
1147 1450 1239 1471 nunc
1270 1450 1349 1471 cum
1379 1440 1542 1478 maxime,
1571 1450 1614 1471 ne
1643 1440 1735 1472 falso

190 1487 424 1530 acciperemus
446 1489 563 1521 eadem
586 1493 622 1520 et
644 1489 777 1528 similis,
797 1494 929 1521 certam
949 1490 1241 1522 incrementorum
1267 1490 1379 1533 legem
1401 1491 1550 1523 docendi
1572 1502 1734 1531 eramus;

189 1540 281 1571 sicut
303 1551 359 1571 uu.
380 1541 445 1573 430
463 1551 513 1582 sq.
534 1540 641 1572 Tauri
663 1540 958 1583 Geminorumque
982 1543 1153 1574 mentioni
1174 1542 1258 1574 haee
1280 1542 1514 1582 subiciuntur,
1533 1543 1638 1575 simili
1661 1548 1734 1576 tum

189 1596 298 1623 cetera
333 1592 427 1624 lucro
446 1591 451 1633 Ι
469 1593 662 1633 procedent,
698 1603 883 1625 numeros
914 1604 1067 1634 semper
1104 1598 1240 1625 tutata
1274 1594 1453 1635 priores.
1513 1605 1621 1637 quare
1651 1599 1733 1637 post

190 1642 281 1674 hunc
316 1654 456 1675 uersum
489 1643 553 1675 407
584 1644 662 1676 illos
693 1644 781 1676 duos
812 1645 991 1676 collocaui.
1049 1648 1137 1687 puto
1170 1656 1292 1677 uersus
1326 1647 1478 1679 408-410
1512 1646 1656 1679 librario
1687 1647 1731 1679 ab

189 1694 399 1727 incolumem
425 1695 489 1727 412
515 1695 560 1727 ad
588 1695 675 1727 inde
702 1688 767 1728 410
790 1696 932 1738 delapso
955 1697 1099 1728 omissos
1126 1697 1233 1729 fuisse
1260 1700 1297 1728 et
1322 1701 1444 1739 postea
1471 1698 1546 1730 loco
1572 1709 1642 1730 non
1669 1709 1733 1730 suo

190 1747 371 1788 repositos.
421 1752 575 1779 ceterum
592 1747 714 1779 similis
730 1751 766 1779 et
782 1748 838 1779 hic
854 1752 890 1779 et
907 1759 938 1779 ιι.
959 1749 1025 1781 430
1045 1759 1108 1790 pro
1130 1750 1205 1790 pari
1226 1749 1359 1780 dictum
1377 1752 1432 1781 est
1518 1749 1581 1780 411
1598 1753 1640 1782 ut
1660 1753 1729 1787 Lm,

189 1800 226 1829 in
241 1801 267 1829 G
369 1801 461 1830 astri
477 1798 789 1841 Regiomontanus,
804 1802 914 1831 astris
929 1799 1013 1831 libri
1114 1799 1179 1831 412
1195 1804 1341 1832 seruent
1357 1801 1431 1832 cod.
1446 1800 1599 1840 Monac.,
1611 1805 1733 1833 seruet

189 1852 272 1881 GLM
365 1853 526 1882 crescant
556 1850 746 1889 Bentleius‚
781 1855 918 1883 crescat
948 1852 1017 1883 iam
1050 1851 1216 1890 Huetius,
1251 1861 1409 1884 crescens
1440 1852 1532 1884 libri.
1581 1858 1731 1885 crescant

189 1901 361 1941 nouando,
387 1913 456 1933 non
481 1906 614 1933 nouent
639 1913 810 1934 summam
837 1903 905 1934 nisi
930 1903 982 1934 ita
1007 1907 1048 1934 ut
1075 1906 1257 1934 crescant:
1294 1904 1357 1935 432
1384 1904 1617 1945 auyebuntque
1643 1915 1731 1936 nocto

189 1953 322 1985 uicinas
352 1963 487 1985 munere
518 1964 668 1985 summas
765 1953 830 1984 409
861 1963 968 1991 quam
998 1957 1100 1986 modo
1132 1954 1324 1993 Bentleius,
1359 1958 1530 1993 quomodo
1562 1955 1643 1987 libri

231 2013 418 2036 nemeaeus
428 2005 480 2036 ed.
496 2005 731 2046 quaternaria,
744 2014 868 2037 nemea
879 2008 910 2037 si
922 2006 1004 2037 libri
1083 2006 1229 2038 dumerit.
1272 2007 1418 2038 duxerat
1433 2006 1623 2046 Bendeius,
1636 2007 1730 2049 quod

189 2056 219 2088 si
243 2067 363 2088 uerum
387 2060 479 2088 esset
502 2067 571 2088 non
594 2056 696 2088 facile
720 2056 869 2089 Iacobus
894 2057 1088 2089 Bechertus
1112 2057 1292 2089 Breiterus
1316 2069 1484 2090 consensu
1508 2058 1725 2100 probassent.

189 2107 349 2139 futurum
365 2112 526 2140 exactum
543 2112 617 2139 tam
633 2114 726 2140 reete
742 2109 886 2150 ponitur
901 2119 1005 2151 quam
1022 2110 1085 2142 398
1101 2109 1226 2149 fuerit,
1246 2110 1310 2141 425
1325 2110 1450 2141 steterit
1537 2109 1602 2140 410
1621 2115 1732 2142 auctu

190 2158 497 2200 Regiomontanus,
524 2163 608 2192 actu
634 2160 725 2192 libri.
775 2171 843 2192 non
870 2161 947 2202 pari
971 2171 1009 2192 ac
1033 2161 1102 2192 Leo
1125 2164 1207 2193 actu
1232 2162 1399 2202 temporis
1423 2161 1533 2202 Virgo
1556 2163 1729 2203 procedit,

188 2211 250 2243 sed
279 2211 426 2243 maiore:
462 2216 568 2243 auctu
595 2211 762 2253 temporis
786 2212 946 2253 procedit
972 2213 1059 2254 pari,
1086 2223 1162 2244 cum
1189 2215 1291 2244 tanto
1316 2223 1395 2244 eum
1422 2214 1589 2254 temporis
1614 2215 1729 2256 spatio

189 2266 332 2304 superet
355 2266 488 2304 quanto
510 2263 584 2304 ipse
609 2262 782 2295 Cancrum
806 2263 997 2304 superauit.
1047 2265 1111 2296 430
1134 2274 1183 2305 sq.
1211 2263 1341 2295 simili
1364 2268 1435 2295 tum
1459 2268 1568 2295 cetera
1594 2264 1730 2307 lucro}

186 2314 404 2354 procedent
512 2313 577 2344 413
608 2317 726 2346 chelas
758 2316 941 2354 (zdielas)
973 2315 1166 2353 Bentleius,
1200 2317 1307 2346 denas
1338 2315 1430 2346 libri.
1484 2315 1730 2348 emendatione

190 2369 328 2406 reperta
348 2369 502 2407 quantae
526 2365 651 2397 turbae
671 2366 835 2398 silescant
858 2366 939 2398 uide
962 2366 1056 2408 apud
1081 2366 1294 2408 Scaligerum
1319 2370 1356 2398 et
1380 2366 1561 2398 Huetium.
1609 2377 1728 2409 quam-

189 2427 293 2458 quam
319 2428 361 2449 ne
387 2417 567 2449 Bentleius
592 2417 733 2459 quidem
759 2428 911 2449 errorem
935 2417 1059 2460 effugit
1082 2418 1228 2456 uicenas,
1247 2428 1334 2459 quas
1358 2418 1393 2449 in
1417 2417 1585 2460 Scaligeri
1607 2418 1730 2451 tabula

189 2468 338 2506 uiderat,
361 2474 481 2509 partes
496 2469 652 2506 iactans;
678 2468 864 2500 Manilium
881 2469 972 2500 enini
995 2469 1037 2500 de
1056 2469 1154 2501 nullo
1176 2472 1272 2501 certo
1293 2480 1438 2501 numero
1461 2469 1557 2511 loqui
1577 2481 1632 2501 res
1653 2470 1728 2512 ipsa

190 2519 354 2551 declarat.
404 2519 465 2551 sed
493 2530 570 2551 cum
598 2530 707 2561 usque
735 2520 779 2551 ad
807 2520 932 2552 Chelas
963 2524 1082 2562 partes
1112 2521 1232 2562 augeri
1263 2520 1363 2559 dicit,
1394 2520 1482 2552 illud
1513 2520 1604 2559 uult,
1633 2521 1729 2553 ultra

189 2570 292 2602 finem
317 2571 486 2611 Virginis,
512 2571 606 2613 quod
634 2571 821 2603 Chelarum
848 2572 1060 2614 principium
1088 2578 1152 2611 est,
1179 2583 1247 2604 nou
1275 2572 1418 2614 augeri;
1450 2583 1531 2604 nam
1554 2572 1664 2614 Virgo
1691 2577 1729 2605 et

189 2622 294 2654 Libra
314 2623 391 2663 pari
412 2626 569 2664 tempore
588 2623 760 2654 oriuntur.
811 2623 932 2654 eodem
955 2623 1057 2654 modo
1079 2623 1210 2655 (licitur
1234 2624 1296 2655 28ss
1321 2624 1368 2655 ad
1392 2622 1518 2655 Librae
1539 2624 1644 2662 sidus,
1662 2625 1727 2656 433

189 2674 237 2705 ad
253 2698 260 2705 .
282 2699 288 2705 .
310 2698 317 2705 .
338 2673 453 2705 sidera
470 2673 608 2712 Librae,
627 2674 691 2705 435
710 2674 875 2713 Lanigyeri
895 2675 943 2706 ad
960 2674 1050 2714 fines
1138 2685 1200 2716 pro
1216 2674 1325 2706 auctis
1341 2674 1522 2706 Bentleius
1538 2679 1651 2714 aucta,
1670 2676 1727 2707 cui

188 2726 320 2767 optime
336 2725 524 2766 respondet
540 2727 724 2757 decrescent
812 2726 877 2756 414
889 2735 907 2758 e
918 2729 1011 2758 libra
1022 2728 1055 2765 ᾖ,
1068 2735 1090 2758 a
1105 2729 1197 2758 libra
1210 2727 1279 2758 iam
1292 2727 1420 2768 Fayus,
1436 2729 1547 2758 librae
1560 2726 1642 2758 libri
1657 2737 1727 2758 una

187 2776 308 2808 littera
332 2777 567 2818 transposita:
596 2778 660 2809 434
683 2787 732 2818 sq.
754 2787 794 2808 ex
817 2777 878 2809 illa
903 2777 1036 2817 (Libra)
1060 2771 1207 2809 totidem¹
1220 2788 1286 2819 per
1310 2783 1428 2819 parles
1453 2777 1500 2810 sic
1527 2777 1728 2810 breuiantur

187 2828 340 2867 (sidera).
390 2828 514 2860 Librae
538 2828 654 2860 sidera
677 2829 728 2868 (id
752 2833 816 2868 est,
838 2829 933 2871 quod
956 2829 1076 2861 Iacobi
1099 2834 1136 2861 et
1159 2840 1346 2871 puerorum
1370 2840 1473 2861 causa
1496 2829 1586 2868 dieo,
1605 2829 1725 2869 Libra)

186 2891 254 2912 non
271 2879 478 2912 decrescunt
564 2879 627 2910 415
651 2882 688 2911 in
711 2891 778 2913 om.
797 2884 843 2919 M,
862 2880 955 2912 unde
979 2880 1159 2912 Bentleius
1183 2881 1364 2922 utrimque,
1386 2883 1394 2897 ‘
1407 2884 1478 2912 tam
1497 2890 1558 2912 sex
1573 2879 1727 2912 borealia
