1877 3146
170 145 224 183 66
763 144 824 186 M.
857 144 1108 186 MANILII

347 255 473 296 Libra
493 255 606 296 diem
625 260 879 310 noctemque
898 256 990 310 pari
1010 270 1108 297 eum
1126 256 1293 298 foedere
1312 257 1482 307 ducens,

223 336 291 367 660
345 334 519 370 tantum
539 329 653 384 quod
672 330 809 371 uictas
829 344 963 384 usque
982 331 1037 371 ad
1056 345 1100 371 se
1119 331 1287 372 uincere
1306 337 1452 373 noctes

348 418 399 444 ex
418 403 509 458 ipsa
530 403 660 453 iubet,
684 404 739 445 ad
759 403 933 445 brumae
953 404 1057 445 dum
1074 410 1269 460 tempora
1288 411 1475 461 surgant.

345 482 440 518 tum
460 477 584 518 Liber
603 478 778 533 grauida
798 478 1016 520 deseendit
1035 479 1183 534 plenus
1203 479 1258 520 ab
1278 480 1394 521 ulmo

346 551 602 606 pinguiaque
621 552 818 606 inpressis
837 552 1094 607 despumant
1114 559 1256 595 musta
1275 554 1451 595 racemis
1469 569 1479 605 ;

347 626 554 667 mandant
574 631 616 667 et
635 626 760 667 sulcis
781 626 983 677 Cererem,
1005 627 1109 669 dum
1127 633 1241 669 terra
1260 633 1407 683 tepore

223 707 292 738 665
347 700 543 741 autumni
563 700 748 742 resoluta
768 706 901 755 patet,
924 702 1028 743 dum
1046 702 1207 743 semina
1226 703 1356 745 ducit.

401 780 605 829 quattuor
625 775 728 816 haec
748 781 791 817 et
810 776 854 816 in
873 782 965 817 arte
983 777 1142 827 ualent,
1165 783 1215 819 ut
1233 782 1428 832 tempora
1446 782 1622 819 uertunt

206 918 270 949 659
285 921 364 957 pari
380 928 458 950 cum
473 919 548 951 cod.
566 920 655 952 Flor.
672 920 812 961 aliique,
828 923 969 958 paritur
981 924 1026 959 Μ,
1041 924 1200 959 partitur
1211 924 1260 953 GL
1347 924 1486 954 foedere
1501 922 1576 954 eod.
1592 922 1701 962 Flor.,

165 974 303 1003 foedera
320 974 363 1010 M,
383 974 527 1003 faedera
539 974 587 1002 GL
675 975 805 1004 ducens
818 976 853 1011 G,
869 976 992 1004 ducem
1003 975 1061 1004 ΒΜ
1149 974 1214 1005 310
1226 984 1332 1014 aequo
1345 978 1411 1005 scat
1420 974 1562 1015 foedere
1574 979 1704 1015 tempus

249 1022 313 1053 660
336 1028 469 1054 cantum
492 1024 592 1064 qnod,
613 1023 718 1055 simili
742 1035 820 1055 cum
845 1028 950 1062 sorte,
969 1025 1035 1055 nisi
1060 1025 1152 1066 quod
1176 1028 1307 1064 noctes,
1331 1036 1401 1056 non
1424 1029 1465 1057 ut
1488 1026 1591 1057 Aries
1614 1026 1700 1065 dies,

164 1075 301 1105 uincere
332 1074 440 1106 iubet.
491 1075 560 1106 Cic.
593 1084 623 1106 ΙΙ
654 1075 754 1107 Verr.
787 1085 799 1107 1
833 1077 894 1108 116
925 1077 1093 1117 componit
1127 1077 1273 1108 edictum
1305 1077 1352 1108 eis
1384 1077 1495 1109 uerbis
1525 1083 1561 1108 ut
1591 1077 1703 1118 quiuis

163 1126 349 1166 intelleyere
368 1126 476 1166 pos-sic
501 1126 602 1158 unius
623 1127 766 1159 bominis
790 1138 895 1159 cansa
918 1128 1145 1168 conscriptum
1169 1139 1247 1167 esse,
1266 1133 1398 1160 tantum
1422 1129 1513 1170 quod
1534 1129 1703 1161 bominem

162 1188 227 1209 non
249 1177 414 1216 nominat,
434 1179 564 1220 Appul.
586 1179 628 1210 de
651 1179 715 1210 deo
738 1179 830 1211 Socr.
852 1181 871 1211 8
889 1181 935 1221 (p.
959 1181 1019 1211 140
1041 1179 1148 1219 Oud.)
1170 1191 1301 1221 semper
1321 1180 1391 1212 illis
1411 1180 1520 1212 uictus
1541 1181 1650 1212 omnis¹
1665 1181 1702 1213 in

162 1235 266 1267 terra,
300 1229 425 1261 ibidem
451 1231 630 1270 pabulum,
662 1231 787 1262 ibidem
817 1231 931 1270 cubile,
967 1236 1097 1263 tantam
1130 1233 1220 1272 qaod
1250 1243 1334 1263 aera
1360 1232 1561 1272 proximum
1590 1237 1702 1264 terrae

162 1281 338 1312 volitando
356 1283 643 1321 transverberant,
664 1282 771 1315 Solin.
794 1284 833 1314 19
852 1285 891 1315 19
908 1283 1024 1315 eadem
1045 1294 1152 1324 paene
1171 1284 1277 1324 specie
1296 1288 1372 1315 sunt
1393 1295 1472 1322 quos
1487 1284 1704 1325 tragelaphos

162 1333 289 1371 dicunt,
310 1358 316 1364 .
338 1358 345 1364 .
367 1358 374 1364 .
396 1338 528 1365 lantum
559 1335 650 1374 qnod
680 1334 734 1365 illi
760 1334 896 1366 uillosa-s
922 1335 1042 1366 babent
1070 1346 1206 1373 armos;
1240 1346 1318 1366 cum
1349 1335 1476 1377 quibus
1506 1346 1576 1367 non
1605 1339 1702 1368 reete

161 1385 388 1416 conferuntur
412 1385 488 1417 Liu.
517 1394 642 1417 XXXIII
667 1388 688 1417 4
715 1387 734 1418 6
762 1390 798 1417 et
826 1387 919 1418 Petr.
948 1388 990 1421 76
1019 1388 1056 1418 11
1147 1386 1208 1417 661
1236 1390 1282 1418 ad
1310 1390 1368 1425 GL,
1395 1396 1418 1418 a
1444 1390 1478 1418 M
1565 1391 1649 1419 dum
1664 1389 1698 1427 ἦ,

160 1440 237 1467 tum
259 1439 318 1474 GL,
338 1446 416 1468 cum
437 1441 482 1475 M,
501 1437 610 1469 ferme
632 1442 672 1469 ut
694 1449 725 1469 u.
747 1439 810 1470 665
909 1442 1061 1476 surgant
1077 1439 1108 1476 ἥ,
1128 1440 1275 1471 uincam.
1296 1439 1370 1470 cod.
1392 1438 1561 1478 Venetus,
1579 1441 1702 1472 uincat

159 1491 228 1526 LM,
246 1491 359 1520 uincit
375 1488 446 1527 (ΗΡ,
468 1489 608 1520 uincunt
628 1489 728 1521 codd.
751 1490 841 1521 Flor.
863 1494 899 1521 et
919 1490 1033 1527 Boiu„
1052 1490 1146 1531 quod
1165 1490 1311 1522 uerbum
1333 1501 1375 1521 ex
1398 1501 1500 1522 uersu
1522 1492 1701 1532 superiore

161 1540 195 1570 in
212 1540 304 1571 hunc
325 1540 549 1579 redundauit,
570 1542 661 1572 sicut
684 1542 719 1572 in
741 1542 806 1575 670
826 1547 1007 1573 uertuntur
1028 1553 1069 1573 ex
1092 1543 1164 1574 669.
1214 1542 1257 1573 de
1279 1552 1415 1583 snrqere
1436 1542 1481 1573 ad
1502 1544 1698 1584 temporum

159 1592 373 1623 incrementa
400 1591 628 1634 significanda
655 1593 816 1625 adhibito
844 1593 923 1624 uide
950 1594 1014 1625 263
1041 1593 1119 1625 inde
1147 1594 1273 1625 cadunt
1300 1598 1409 1626 noctes
1435 1599 1641 1636 surr-qumque
1663 1595 1701 1627 in

159 1649 312 1684 tempora
343 1644 430 1675 luces
457 1648 493 1675 et
518 1644 562 1675 ad
590 1645 654 1679 478
681 1645 850 1676 adnotata
961 1645 1046 1676 haec
1076 1645 1250 1686 quomodo
1278 1645 1484 1687 corrigenda
1509 1646 1580 1677 sint
1606 1646 1699 1678 clare

159 1696 325 1733 ostendit,
355 1696 411 1727 cui
436 1696 643 1737 respondere
669 1696 808 1733 debent,
837 1707 958 1728 uersus
983 1698 1043 1729 651
1073 1696 1197 1728 aestiui
1220 1697 1322 1728 donec
1347 1697 1487 1729 ueniant
1512 1698 1560 1728 ad
1584 1697 1698 1729 sidera

160 1746 286 1779 Cancri
302 1760 310 1786 3
335 1747 424 1779 adde
443 1748 548 1779 Mart.
569 1747 653 1789 Cap.
674 1757 745 1780 VIII
769 1750 832 1782 875
856 1749 898 1779 ab
915 1750 1111 1780 autumnali
1131 1748 1343 1789 aequinoctio
1359 1759 1463 1790 nsque
1479 1749 1528 1781 ad
1543 1749 1699 1781 brumam

159 1799 304 1830 minore-s·
327 1799 399 1830 dies
421 1799 571 1831 noctibus
594 1800 759 1831 dilatatis.
809 1800 988 1839 subiciam,
1012 1800 1109 1832 nulla
1132 1800 1256 1832 addita
1280 1800 1505 1840 refutatione,
1525 1811 1614 1842 quae
1637 1801 1698 1832 alii

160 1850 353 1882 dederunt:
389 1850 542 1893 Scaliger
569 1851 616 1882 ad
642 1852 809 1890 brumam,
838 1862 913 1883 cnm
941 1857 1095 1894 tempora
1122 1852 1275 1891 uincunt,
1304 1852 1397 1894 quod
1424 1863 1502 1884 cum
1527 1853 1601 1894 ipse
1627 1863 1697 1884 non

158 1903 414 1944 interpretetur
441 1903 698 1945 iuterpretatur
729 1903 845 1944 Fayus
877 1905 1034 1944 ‘qnando
1061 1907 1145 1935 tunc
1173 1909 1326 1944 tempora
1353 1904 1467 1936 noetis
1493 1904 1698 1944 superant'3

159 1954 366 1985 dubitanter
382 1954 563 1986 Bentleius
586 1959 753 1996 sequente
773 1955 944 1997 Pingraeo
966 1956 1013 1987 ad
1031 1956 1199 1994 brumam,
1219 1967 1294 1988 cum
1315 1960 1467 1996 tempora
1485 1956 1587 1987 uertit
1604 1957 1696 1998 (quis

158 2009 288 2043 uertat,
313 2009 438 2036 neuter
461 2005 584 2044 dieit);
616 2006 764 2037 Iacobus
788 2007 836 2037 ad
859 2006 998 2038 brumae
1022 2007 1096 2048 (qui
1119 2007 1304 2048 genetiuus
1327 2007 1420 2038 unde
1442 2006 1595 2048 pendeat
1618 2017 1695 2038 eum

159 2056 232 2097 ipse
256 2057 450 2095 reticuerit,
469 2057 650 2088 Breiterus
674 2062 801 2089 noctem
823 2057 1054 2098 longyissimam
1077 2058 1121 2089 de
1145 2069 1206 2089 suo
1230 2058 1391 2099 largitur)
1407 2068 1418 2089 .·
1449 2063 1520 2089 tum
1543 2063 1698 2099 tempora

158 2107 263 2139 uincit
287 2109 406 2149 (caput
430 2111 585 2147 coronat,
605 2119 728 2150 nempe
749 2109 878 2148 Liber),
901 2109 905 2150 Ι
928 2114 998 2141 lum
1020 2109 1122 2140 Liber
1145 2112 1236 2147 ete.;
1260 2109 1453 2140 Bechertus
1472 2110 1520 2141 ad
1543 2109 1692 2149 brumae,

159 2169 234 2190 cnm
250 2163 404 2199 tempora
420 2159 538 2198 uincit,
557 2161 631 2191 sine
648 2161 942 2201 interpretatione
1029 2160 1094 2191 662
1110 2160 1213 2192 Liber
1223 2160 1357 2201 plenus,
1376 2165 1498 2192 eontra
1514 2160 1592 2193 Sen.
1609 2161 1692 2193 Oed.

162 2211 220 2245 157
238 2211 342 2250 plena
364 2222 422 2242 suo
442 2211 523 2243 uitis
536 2211 680 2243 Baccho.
730 2213 765 2243 in
783 2212 979 2254 Verg.bue.
1001 2221 1024 2243 X
1044 2212 1085 2246 67
1105 2212 1336 2253 probabiliter
1355 2215 1392 2244 et
1410 2216 1551 2254 praeter
1565 2223 1696 2244 morem

159 2262 335 2303 ingeniose
351 2262 594 2304 Coningtonus
614 2274 688 2295 cum
707 2264 853 2295 ‘moriens
871 2264 943 2295 alta
965 2268 1038 2295 aret
1060 2263 1165 2295 Liber
1182 2264 1219 2295 in
1239 2264 1340 2302 idme,
1360 2264 1421 2295 ubi
1442 2264 1564 2296 multis
1584 2264 1696 2296 modis

159 2313 333 2345 mirabilia
359 2317 442 2346 sunt
467 2325 555 2356 quae
581 2315 717 2346 codices
742 2315 874 2346 habent
897 2315 980 2347 liber
1004 2319 1078 2346 aret
1175 2315 1237 2346 663
1253 2319 1372 2347 musta
1387 2318 1446 2354 GL,
1465 2318 1503 2347 in
1525 2318 1624 2348 uicta.
1646 2319 1691 2348 M.

161 2366 221 2396 153
246 2365 419 2396 Bacchum
435 2376 501 2406 per
523 2366 699 2407 pinynia
726 2371 856 2398 musta
874 2367 1049 2408 fluentem,
1071 2366 1203 2399 Colum.
1224 2375 1248 2397 x
1273 2367 1337 2399 432
1357 2367 1526 2399 exundent
1546 2367 1697 2408 pingui

158 2417 394 2456 spumantia
412 2418 506 2448 dolia
527 2423 668 2457 musto,
690 2418 792 2460 Prop.
813 2427 857 2449 111
878 2420 915 2452 17
935 2419 972 2452 17
990 2429 1039 2460 sq.
1054 2429 1233 2459 purpureo
1249 2423 1430 2459 spument
1447 2420 1583 2458 (numen
1598 2419 1692 2458 libri,

159 2467 251 2508 quod
288 2478 398 2509 nuper
434 2469 469 2500 in
505 2480 616 2510 praua
652 2469 860 2512 detorquere
894 2472 1097 2512 coeperunt)
1128 2470 1214 2502 mibi
1246 2470 1341 2502 dolia
1373 2475 1499 2502 musto
1518 2471 1523 2510 Ι
1544 2476 1573 2502 et
1603 2481 1695 2503 noua

155 2519 385 2558 pressantis
411 2520 562 2561 inquinet
591 2532 662 2553 uua
683 2522 796 2562 pedes,
821 2521 919 2563 Calp.
943 2522 1020 2554 buc.
1044 2531 1057 2553 1
1080 2523 1101 2553 2
1124 2532 1173 2563 sq.
1197 2521 1350 2553 madidis
1372 2522 1567 2554 incumbant
1592 2523 1695 2563 prela

158 2571 328 2602 racemis
347 2572 351 2610 Ι
373 2576 401 2602 et
425 2578 604 2612 spument
628 2584 733 2605 rauco
755 2573 934 2614 feruentia
959 2578 1090 2605 musca
1116 2584 1267 2612 susurrm
1291 2573 1424 2605 Pallad.
1445 2582 1485 2605 XI
1510 2575 1549 2605 18
1574 2575 1590 2605 1
1619 2585 1694 2607 cum

158 2622 273 2653 omnia
296 2622 500 2662 (defrutum,
520 2635 716 2663 caroenum,
737 2627 833 2666 sapa)
852 2651 858 2657 .
880 2650 887 2657 .
909 2650 916 2657 .
938 2625 1162 2665 conficiantur
1183 2635 1223 2656 ex
1246 2630 1371 2657 musto
1389 2650 1396 2657 .
1417 2650 1424 2657 .
1446 2650 1453 2657 .
1473 2623 1649 2665 defrutum
1670 2637 1694 2658 a

160 2673 364 2713 deseruendo
388 2674 525 2712 dictum,
544 2675 600 2706 nbi
622 2677 671 2707 ad
693 2676 947 2716 spissitudinem
964 2676 1109 2717 sortiter
1133 2676 1452 2717 despumauerit,
1478 2676 1626 2717 effectum
1648 2683 1695 2709 esc

244 2723 307 2754 665
332 2727 414 2756 dum
438 2725 512 2756 cod.
533 2726 623 2758 Flor.
645 2727 786 2768 aliique,
805 2731 882 2759 tum
904 2731 938 2765 L,
958 2736 1036 2759 cum
1059 2730 1104 2765 M,
1123 2731 1209 2759 tunc
1232 2730 1257 2759 G
1344 2730 1443 2759 ducit
1463 2731 1507 2766 M,
1528 2731 1635 2760 ducat
1656 2731 1691 2767 1.‚

159 2777 292 2806 ducunt
315 2777 387 2813 GU,
411 2779 541 2808 ducens
563 2778 638 2809 cod.
659 2778 827 2810 Venetus.
876 2779 981 2817 ducit,
1000 2779 1160 2811 attrahit.
1210 2778 1355 2811 fortiore
1378 2789 1461 2810 usus
1484 2779 1592 2811 uerbo
1607 2779 1692 2811 Ver-

158 2826 262 2867 gilius
292 2838 405 2868 georg.
435 2837 479 2859 111
510 2829 568 2863 137
595 2830 715 2869 rapiat
741 2830 857 2862 sitiens
882 2841 1035 2862 uenerem
1062 2830 1267 2871 interiusque
1294 2831 1455 2862 recondat
1542 2830 1692 2862 666-668

158 2878 235 2910 Seu.
256 2889 327 2920 n.q.
349 2888 393 2909 111
409 2879 451 2911 29
471 2881 483 2910 l
503 2880 546 2911 de
563 2880 695 2913 Cancro
711 2884 747 2913 et
763 2881 975 2923 Capricorno
991 2882 1112 2913 mundi
1134 2881 1440 2924 conflagrationem
1461 2885 1498 2914 et
1516 2881 1688 2914 diluuium
