1877 3146
618 135 859 178 AsTRON
867 135 1103 178 OMICON
1144 136 1220 178 III
1640 140 1690 180 19

330 247 520 289 cursibus
540 247 722 289 aeternis
742 247 950 288 mundum
970 261 1044 302 per
1063 247 1182 302 signa
1201 246 1432 297 uolantem,

329 327 379 363 ut
397 327 542 363 totum
560 322 714 363 lustret
734 321 922 363 curuatis
941 321 1122 363 arcubus
1143 321 1300 372 orbem,

330 396 562 451 exprimere
582 401 625 437 et
644 396 790 437 uultus
811 395 898 437 eius
918 409 1170 450 componere
1189 401 1326 438 certos

205 476 274 508 215
330 484 378 512 ae
397 475 548 512 tantae
568 469 690 511 molis
712 469 936 511 minimum
954 469 1211 525 deprendere
1231 475 1462 525 punctum:

331 559 440 599 quae
460 559 557 600 pars
578 549 775 586 exortum
793 544 862 586 uel
882 558 991 598 quae
1010 544 1180 599 fastigia
1200 544 1347 586 mundi

204 624 309 658 216A
330 619 503 660 obtineat
525 619 678 659 summi
698 619 949 659 demersosue
971 619 1158 672 aequoris
1180 619 1304 659 undis

331 694 498 736 auferat
518 708 690 736 occasus
711 699 787 735 aut
806 693 891 735 imo
910 693 1066 735 sederit
1086 693 1197 735 orbe.

384 783 460 810 nec
481 782 549 810 me
567 768 770 823 uulgatae
789 768 965 809 rationis
984 768 1188 823 praeterit
1207 768 1322 818 ordo,

331 857 441 898 quae
460 842 582 884 binas
600 842 755 884 tribuit
773 842 902 897 signis
921 842 1190 897 surgentibus
1210 843 1333 884 horas

206 925 275 957 220
332 923 375 959 et
394 917 568 972 paribus
588 917 737 972 spatiis
757 916 951 971 aequalia
970 916 1122 972 digerit
1141 922 1269 966 astra,

330 997 381 1033 ut
401 997 524 1047 parte
544 1006 597 1033 ex
615 991 699 1041 illa,
722 1005 807 1046 qua
827 991 987 1032 Phoebi
1007 991 1192 1046 coeperit
1212 991 1336 1042 orbis,

331 1066 522 1108 discedat
542 1081 742 1108 numerus
761 1080 1058 1120 summamque
1078 1066 1372 1108 accommodet
1392 1066 1529 1116 astris,

150 1179 223 1218 περὶ
245 1177 324 1208 τοὺσ
345 1177 487 1217 ἀστέρασ
511 1178 656 1215 διάθεμα,
676 1178 740 1215 τῆσ
762 1175 818 1207 τοῦ
842 1177 961 1214 κόσμου
985 1176 1142 1214 κινήσεωσ
1166 1177 1291 1216 ὰλέκτῳ
1308 1178 1402 1216 τάχει
1426 1177 1692 1217 περιφερομένησ,

151 1230 224 1269 πρὶν
239 1229 420 1269 τηρητικῶσ
443 1229 723 1268 παραπλάσασθαι
746 1227 786 1267 τῇ
809 1227 865 1260 τοῦ
887 1228 1105 1268 ’γεννηθέντοσ
1128 1229 1192 1268 ὥρᾳ
1209 1229 1250 1258 τὰ
1274 1227 1344 1259 κατ’
1361 1227 1492 1268 οὐρανόν
1508 1229 1695 1269 βλεπόμενα

237 1279 302 1310 212
321 1290 387 1321 per
408 1279 520 1320 siqua,
539 1279 731 1311 secundum
753 1280 932 1321 signorum
953 1278 1119 1311 ordinem.
1172 1288 1185 1310 1
1209 1279 1272 1314 799
1296 1289 1346 1321 sq.
1373 1279 1503 1311 caelum
1520 1304 1527 1311 .
1549 1304 1555 1310 .
1578 1304 1585 1312 .
1606 1279 1696 1321 quod

150 1336 240 1371 reqet
255 1330 433 1372 Auyuscus
449 1355 456 1363 .
479 1356 486 1363 .
508 1356 514 1363 .
531 1341 597 1371 per
613 1330 713 1371 siqua
800 1330 864 1361 213
880 1341 982 1362 arcus
1004 1334 1099 1362 recte
1119 1330 1274 1362 Huetius
1290 1330 1548 1372 interpretatur
1563 1331 1696 1363 zodiaci

150 1384 394 1424 τεταρτημόρια,
414 1385 454 1414 ut
477 1390 507 1414 11
531 1383 595 1415 853
617 1393 748 1421 arcum,
772 1382 900 1424 quibus
923 1382 1075 1413 mundus
1098 1385 1216 1413 totum
1239 1381 1370 1421 orbem,
1390 1382 1455 1414 hoc
1477 1385 1532 1414 est
1555 1393 1693 1424 gyrum,

149 1435 281 1466 lustrat
368 1434 432 1465 214
462 1436 660 1472 exprimere
691 1434 1003 1475 Regiomontanus,
1037 1437 1211 1472 exprimet
1241 1433 1324 1465 libri
1412 1434 1538 1472 mdtus,
1571 1434 1695 1466 faciem

151 1486 280 1518 mentis
299 1486 460 1518 indicem.
511 1494 551 1517 IV
573 1486 637 1517 915
661 1496 710 1527 sq.
733 1485 867 1526 faciem
883 1485 970 1517 caeli
985 1495 1052 1517 non
1068 1484 1199 1517 inuidet
1215 1485 1288 1517 orbi
1306 1485 1311 1526 Ι
1331 1485 1403 1526 ipse
1420 1486 1502 1517 deus
1517 1485 1696 1527 uultusque

151 1548 227 1570 suos
243 1548 430 1579 corpusque
445 1537 590 1569 recludit
678 1536 740 1568 215
758 1539 972 1575 deprendere
993 1540 1027 1568 Μ
1048 1540 1085 1568 et
1105 1547 1192 1568 corr.
1214 1547 1257 1568 ex
1273 1539 1534 1575 deprehendere
1552 1540 1587 1575 L,
1606 1546 1695 1569 com-

150 1592 322 1628 prendere
344 1592 370 1621 G
388 1593 534 1631 propter
554 1589 620 1620 214
641 1598 836 1629 componere
925 1591 1006 1630 post
1021 1587 1085 1619 216
1101 1599 1210 1620 unum
1231 1599 1372 1620 uersum
1388 1589 1531 1628 inserui,
1551 1588 1695 1620 obtineat

151 1640 286 1679 summi,
319 1641 527 1672 demersosue
560 1639 719 1681 aequoris
749 1639 862 1672 undis.
912 1639 1036 1671 similis
1067 1643 1121 1671 est
1152 1639 1248 1671 locus
1279 1644 1315 1671 et
1345 1640 1480 1682 pariter
1510 1643 1696 1682 corruptus

151 1701 197 1724 111
223 1692 353 1730 505-7;
388 1691 470 1724 uide
497 1692 605 1724 etiam
635 1692 698 1724 180
724 1701 774 1733 sq.
806 1697 1000 1723 transuerso
1018 1716 1025 1723 .
1047 1716 1054 1723 .
1076 1715 1083 1722 .
1104 1691 1244 1723 cardine
1261 1716 1268 1723 .
1291 1716 1298 1723 .
1319 1716 1326 1723 .
1347 1691 1407 1731 qui
1433 1696 1517 1723 tenet
1542 1696 1696 1723 exortum

150 1744 200 1776 vel
230 1743 291 1785 qui
319 1743 484 1784 demeryit
514 1743 551 1775 in
581 1744 694 1775 undas
803 1742 866 1774 217
896 1743 1036 1784 auferat
1067 1743 1238 1775 orationis
1270 1746 1469 1775 structurae
1499 1743 1697 1785 opitulatus

149 1795 452 1838 Regiomontanus
483 1795 518 1826 in
550 1800 611 1826 ατιέ
632 1795 732 1835 ferat
762 1795 929 1832 mutauit,
960 1805 1039 1826 cum
1069 1798 1188 1826 tamen
1218 1794 1355 1826 ferendi
1384 1794 1544 1834 uerbum,
1573 1798 1614 1827 ut
1644 1795 1696 1827 ait

150 1847 345 1886 Bentleiuffi
371 1847 569 1879 sententiae
596 1857 665 1878 non
693 1846 905 1888 respondet3
944 1850 1067 1877 contra
1094 1849 1190 1878 recte
1215 1845 1368 1878 siderum
1391 1857 1534 1878 occasus
1557 1846 1695 1879 auferre

151 1899 284 1931 dicitur
310 1909 350 1930 ea
376 1909 458 1940 pars
483 1898 570 1930 caeli
593 1908 683 1939 quae
707 1906 736 1929 11
760 1899 823 1930 948
850 1908 901 1939 sq.
927 1902 1079 1930 ruentem
1098 1897 1102 1938 Ι
1118 1897 1331 1938 praecipitat
1353 1898 1520 1930 mundum
1543 1898 1644 1930 terris
1666 1903 1696 1931 et

150 1951 266 1983 sidera
290 1950 420 1991 meryit,
440 1951 502 1984 957
519 1954 618 1982 uocat
641 1954 671 1981 et
694 1949 807 1981 condit
833 1949 1005 1981 Phoebum
1027 1949 1212 1990 recipitque
1234 1949 1415 1991 refertque.
1464 1952 1571 1992 atque
1586 1951 1694 1982 etiam

149 2012 180 2035 11
207 2002 272 2034 849
297 2001 521 2034 scribendum
546 2001 704 2043 suspicor
730 2011 816 2042 quae
844 2011 931 2042 pars
960 2011 1096 2033 occasus
1120 2002 1258 2040 aufert
1282 2001 1454 2043 imumque
1478 2002 1537 2034 sub
1561 2002 1694 2044 orbem!

150 2053 332 2093 descendit,
350 2054 412 2085 ubi
428 2053 509 2085 libri
531 2053 630 2092 inter,
650 2052 945 2095 quemadmodum
966 2053 1070 2093 aufer
1089 2063 1153 2094 pro
1175 2053 1265 2084 inter
1280 2054 1487 2085 restitutum
1503 2056 1557 2085 est
1572 2053 1689 2086 Plaut.

150 2107 228 2138 cist.
256 2106 300 2138 52
387 2109 470 2137 orbe
497 2105 572 2137 cod.
600 2104 708 2143 Flor.,
737 2108 856 2136 orbem
883 2107 978 2143 GLM,
1006 2105 1099 2136 sicut
1129 2107 1163 2136 M
1191 2104 1298 2136 etiam
1324 2104 1389 2137 225
1476 2104 1540 2135 218
1567 2116 1694 2137 nouam

150 2157 393 2200 paragraphen
409 2157 467 2188 hic
483 2156 740 2189 instituendam
763 2156 942 2188 intellexit
966 2155 1131 2197 Scaliger,
1150 2156 1244 2198 quod
1265 2167 1358 2188 nunc
1373 2155 1455 2188 libri
1471 2155 1692 2194 confirmant,

150 2219 208 2241 nec
224 2209 318 2240 enim
333 2208 464 2240 litteris
481 2208 682 2240 maiusculis
698 2208 871 2249 scriptum
887 2212 942 2239 est
961 2208 997 2239 in
1018 2210 1051 2246 1.,
1068 2207 1104 2238 in
1123 2211 1157 2239 M
1179 2207 1390 2239 rubricatori
1406 2208 1570 2239 relictum
1586 2219 1608 2240 η

194 2259 258 2291 219
278 2262 506 2298 surgentibus
529 2263 589 2298 GL,
608 2262 804 2291 orientibus
825 2262 860 2290 M
947 2258 1010 2289 221
1034 2261 1190 2297 coeperit
1212 2262 1257 2298 M,
1272 2262 1430 2297 caeperit
1451 2262 1486 2297 G,
1506 2262 1640 2298 ceperit
1657 2263 1692 2299 L,

149 2311 244 2343 unde
259 2322 303 2343 ne
318 2312 397 2353 quis
413 2322 518 2352 quam
534 2336 541 2343 .
563 2336 570 2343 .
593 2336 599 2342 .
620 2311 743 2352 ceperit
759 2310 899 2349 efficiat,
919 2321 998 2341 mox
1019 2310 1203 2342 cauebitur
1291 2310 1392 2350 orbis,
1411 2321 1532 2342 cursus
1547 2311 1696 2344 diurnus

238 2363 492 2405 computabant
518 2363 621 2394 horas
652 2363 745 2395 inter
772 2365 889 2394 ortum
917 2362 1001 2393 solis
1028 2365 1065 2394 et
1091 2365 1215 2404 partus
1244 2366 1382 2404 tempus
1407 2366 1581 2404 peractas,
1608 2367 1695 2405 quot

150 2418 270 2447 autem
285 2415 386 2447 binas
407 2414 510 2446 horas
526 2414 752 2457 collegerant,
770 2417 827 2446 tot
843 2414 942 2456 signa
959 2416 1028 2452 (tot
1049 2414 1143 2445 enim
1162 2414 1198 2445 in
1217 2413 1278 2445 illo
1295 2414 1464 2456 temporis
1480 2415 1596 2456 spatio
1612 2414 1696 2447 oriri

150 2466 354 2505 credebant)
378 2466 600 2498 sinistrorsus
623 2465 856 2497 numerabant
879 2476 900 2497 a
923 2465 998 2497 loco
1023 2465 1128 2503 solis;
1163 2465 1224 2506 qui
1248 2476 1414 2497 numerus
1437 2476 1507 2507 qua
1531 2465 1568 2497 in
1592 2469 1695 2508 parte

149 2518 284 2550 zodiaci
320 2517 509 2556 defecerat,
544 2528 620 2549 eam
651 2517 817 2549 dicebant
847 2517 1087 2559 horoscopare.
1145 2516 1231 2548 haec
1261 2517 1322 2558 qui
1357 2520 1452 2549 recte
1482 2518 1691 2560 perceperit,

150 2570 334 2611 intelleget
361 2580 423 2601 cur
448 2572 563 2611 poeta,
589 2580 667 2600 cum
695 2569 903 2610 simpliciter
926 2568 1023 2610 loqui
1047 2572 1177 2610 posset,
1199 2572 1240 2600 ut
1267 2577 1313 2600 111
1337 2569 1404 2600 442
1427 2573 1528 2609 parte
1552 2579 1593 2601 ex
1617 2570 1692 2608 illa,

150 2632 255 2663 quam
278 2621 432 2653 Phoebus
455 2620 597 2660 habebit,
616 2621 782 2652 maluerit
805 2621 856 2653 ita
879 2620 1006 2659 dicere,
1024 2625 1128 2661 parte
1151 2631 1192 2652 ex
1214 2620 1289 2659 illa,
1308 2631 1378 2661 qua
1401 2620 1528 2653 Phoebi
1550 2621 1695 2662 coeperit

149 2673 250 2712 orbis,
269 2673 334 2705 hoc
355 2676 410 2705 est
430 2683 472 2704 ex
494 2672 556 2704 illa
578 2672 713 2704 zodiaci
735 2674 836 2714 parte
859 2682 965 2714 quam
987 2672 1039 2703 sol
1063 2672 1176 2703 oriens
1200 2674 1237 2704 et
1259 2672 1378 2703 orbem
1401 2682 1504 2704 suum
1527 2672 1694 2705 diurnum

149 2725 320 2767 incipiens
343 2724 508 2757 tenuerit.
558 2723 734 2766 significat
756 2723 937 2762 uidelicet,
955 2734 1024 2755 non
1048 2734 1130 2755 sane
1154 2723 1396 2763 disertissime,
1415 2727 1457 2756 ut
1478 2735 1498 2756 a
1519 2723 1595 2756 loco
1611 2724 1694 2757 solis

150 2776 260 2818 signa,
273 2777 323 2808 sic
339 2775 383 2807 ab
400 2778 481 2807 ortu
496 2775 571 2807 eius
588 2775 691 2807 horas
706 2775 893 2807 numerari.
942 2774 1049 2806 simili
1065 2785 1144 2807 cum
1160 2774 1338 2807 breuitate
1354 2778 1461 2817 atque
1477 2776 1695 2808 obscuritate

149 2838 183 2859 u.
198 2828 264 2860 223
275 2828 408 2860 dicitur
419 2827 523 2859 donec
537 2827 717 2868 perueniat
730 2828 922 2866 (numerus)
936 2826 1102 2858 nascentis
1118 2831 1250 2867 tempus
1265 2827 1313 2858 ad
1328 2826 1453 2868 ipsum,
1468 2827 1506 2859 id
1518 2832 1573 2859 est
1585 2827 1695 2860 donec

148 2889 315 2912 numerus
341 2879 506 2911 horarum
529 2883 612 2911 ante
635 2879 812 2911 nascentis
837 2882 977 2920 tempus
1002 2878 1242 2910 confectarum
1266 2889 1330 2920 per
1354 2879 1454 2921 signa
1479 2878 1694 2912 distributus
