1877 3146
633 109 1117 154 ASTRONOMICON
1158 111 1234 153 III
1649 114 1703 153 37

343 221 562 272 sideribus,
584 223 718 264 donec
736 223 931 273 totidem,
954 228 1060 278 quot
1079 222 1293 265 mensibus
1313 222 1419 264 actis

344 302 537 347 cesserat,
558 297 657 339 inde
675 297 787 339 redit
807 297 1079 353 geminasque
1098 297 1289 339 ascendit
1308 296 1364 338 ad
1383 296 1544 337 Arctos.

346 370 411 412 hic
431 370 547 413 locus
566 371 610 412 in
629 371 751 413 binas
771 386 933 413 annum
950 377 1181 426 noctesque
1199 371 1373 426 diesque

344 459 417 499 per
435 445 521 487 duo
540 445 725 502 partitae
743 445 904 488 dirimit
923 445 1107 488 diuortia
1125 451 1276 488 terrae.

220 525 289 557 385
399 524 454 569 et,
476 519 679 574 quoniam
698 526 862 574 quanto
881 520 1099 562 uarientur
1116 525 1312 575 tempora
1331 525 1454 561 motu

345 599 388 636 et
408 593 561 648 quibus
582 609 605 635 e
624 594 760 636 causis
779 594 944 636 dictum
964 600 1039 644 est,
1061 609 1174 636 nunc
1194 594 1349 649 accipe,
1370 593 1490 649 signa

345 673 450 722 quot
469 674 645 723 surgant
664 668 705 709 in
728 683 898 723 quoque
917 669 1009 710 loco
1028 668 1268 723 cedantque
1286 683 1361 724 per
1380 668 1517 718 horas,

345 741 538 796 partibus
557 748 607 784 ut
626 742 775 797 prendi
794 743 959 798 possint
978 743 1156 785 orientia
1177 743 1314 793 certis,

345 830 398 857 ne
417 816 548 858 falsus
567 816 697 858 dubia
717 817 881 858 ratione
902 817 1153 872 horoscopos
1173 823 1293 859 erret.

221 896 289 928 390
345 895 476 945 atque
496 891 575 932 hoc
594 891 637 932 in
656 896 800 933 totum
820 897 934 933 certa
953 891 1032 933 sub
1052 891 1142 946 lege
1160 891 1424 946 sequendum
1443 896 1520 942 est,

163 1043 338 1075 sideribus
364 1043 541 1086 perficere.
590 1045 754 1077 tenebras
781 1045 832 1077 sol
857 1045 892 1077 in
916 1049 1075 1078 austrum
1100 1045 1314 1078 descendens
1338 1046 1508 1088 relinquit
1531 1046 1706 1079 sideribus

162 1094 234 1126 illis
252 1105 341 1136 quae
360 1095 561 1127 hominibus
581 1096 647 1128 sub
666 1097 906 1138 septentrione
929 1097 1139 1139 degentibus
1162 1098 1199 1130 in
1222 1101 1447 1140 conspectum
1470 1099 1620 1130 ueniunt

206 1146 269 1177 382
285 1149 366 1178 inde
385 1146 460 1179 eod.
481 1147 560 1179 Par.
581 1151 674 1179 teste
693 1147 860 1180 Stoebero
876 1152 913 1180 et
934 1149 1244 1191 Regiomontanus,
1264 1152 1357 1181 unde
1377 1152 1461 1181 ΘΒΜ
1547 1152 1642 1182 redit
1656 1153 1701 1189 M,

161 1200 257 1236 regit
287 1200 337 1230 GL
452 1198 516 1237 sol,
551 1199 701 1231 totidem
731 1200 820 1231 actis
850 1199 1028 1232 mensibus
1059 1205 1146 1242 quot
1176 1201 1353 1233 mensibus
1383 1201 1472 1232 actis
1503 1204 1655 1233 cesserat
1684 1212 1706 1233 a.

161 1249 463 1291 septentrionibus
487 1251 601 1290 (senos
625 1251 718 1282 enim
741 1251 817 1292 agit
840 1251 1054 1293 utrobique),
1081 1252 1125 1283 ab
1151 1256 1272 1284 austro
1295 1252 1390 1284 redit
1478 1252 1541 1284 383
1565 1252 1629 1284 384
1651 1252 1705 1286 hic

160 1300 263 1339 loom,
296 1301 397 1342 polus
432 1302 634 1340 terrestris;
672 1302 733 1334 ubi
764 1303 825 1344 qui
855 1303 1068 1342 constiterit,
1102 1305 1134 1335 ei
1165 1303 1315 1335 circulus
1345 1304 1612 1346 aequinoctialis
1642 1315 1706 1346 pro

162 1351 342 1384 horizonte
358 1353 438 1392 erit,
453 1356 493 1385 ut
510 1356 606 1385 totus
623 1365 734 1386 annus
751 1354 787 1385 in
804 1354 892 1386 duos
908 1354 982 1386 dies
998 1354 1154 1397 duasque
1170 1359 1291 1387 noctes
1306 1359 1492 1387 semestres
1507 1355 1703 1396 diuidatur,

161 1414 204 1436 ex
232 1404 359 1446 quibus
385 1404 475 1436 alter
503 1404 578 1437 dies
605 1409 641 1437 et
670 1416 740 1437 nox
770 1405 883 1437 altera
913 1406 949 1438 in
980 1407 1158 1438 contrario
1188 1406 1275 1438 fient
1304 1407 1569 1449 hemisphaerio.
1618 1407 1706 1440 fient

162 1455 272 1496 igitur
297 1455 401 1487 binae
427 1456 508 1487 illae
533 1460 652 1489 noctes
678 1457 821 1499 diesque
846 1468 910 1499 per
936 1457 1006 1490 duo
1033 1461 1148 1490 terrae
1175 1458 1365 1500 bipertitae
1392 1458 1547 1491 diuortia
1572 1459 1622 1498 (id
1650 1462 1705 1492 est

160 1507 197 1538 in
225 1507 360 1539 duobus
391 1507 568 1546 diuortiis,
595 1509 644 1540 sic
672 1509 733 1540 301
761 1519 828 1549 per
858 1514 968 1541 terras
995 1513 1030 1541 et
1056 1510 1211 1551 passim),
1240 1510 1396 1542 diuortia
1426 1510 1518 1542 enim
1549 1511 1706 1553 appellat

160 1557 385 1590 decliuitates
401 1558 560 1591 diuersas
576 1560 650 1591 siue
666 1560 943 1601 hemisphaeria:
980 1561 1062 1593 Luc.
1084 1570 1112 1592 11
1136 1562 1199 1593 404
1214 1561 1368 1603 flumina
1392 1562 1651 1604 (Appenninus)
1668 1562 1705 1595 in

159 1609 285 1650 qemini
310 1610 443 1651 sparqz't
470 1610 625 1643 diuortia
646 1611 758 1652 ponti,
785 1614 897 1643 terras
921 1612 957 1644 in
981 1616 1170 1655 utrumque
1197 1624 1290 1645 mare
1315 1613 1466 1645 deuexas
1554 1613 1704 1646 385-442

158 1662 251 1693 ratio
281 1662 465 1704 horoscopi
496 1663 532 1694 in
563 1673 782 1705 quocumque
812 1663 954 1695 climate
984 1664 1187 1696 inueniendi
1297 1663 1447 1695 385-387
1478 1664 1569 1697 Ptol.
1604 1669 1699 1707 synt.

159 1721 189 1744 11
217 1713 236 1747 7
261 1712 366 1745 Heib.
386 1724 420 1755 p.
443 1715 504 1748 117
530 1715 755 1752 ἐκτεθειμένων
784 1716 822 1753 δὴ
846 1717 910 1746 τῶν
934 1717 1071 1747 καθόλου
1099 1718 1170 1756 περὶ
1197 1717 1261 1747 τὰσ
1287 1718 1455 1756 ἐγκλίσεισ
1482 1718 1703 1758 θεωρουμένων

159 1765 237 1804 ἑξῆο·
260 1766 298 1796 ἂν
322 1767 370 1804 εἴη
395 1767 504 1804 δεῖξαι,
532 1767 605 1797 πῶσ
629 1767 668 1797 ἃν
691 1768 910 1807 λαμβάνοιντο
934 1767 1005 1798 καθ’
1029 1768 1167 1806 ἑκάστην
1194 1770 1336 1808 ἔγκλισιν
1360 1771 1413 1799 καὶ
1436 1770 1465 1800 οἱ
1489 1770 1702 1809 συναναφερό-

158 1828 246 1854 μενοι
270 1818 326 1848 τοῦ
350 1819 530 1858 ἰσημερινοῢ
553 1818 663 1858 χρόνοι
688 1817 738 1856 (id
760 1821 814 1849 est
835 1820 953 1859 μοῖραι)
977 1820 1053 1850 raio-
1075 1821 1132 1850 τοῦ
1155 1820 1204 1850 διὰ
1228 1821 1334 1856 μέσων
1357 1822 1421 1851 τῶν
1443 1821 1563 1860 ζῳδίων
1587 1823 1702 1853 κύκλου

159 1869 378 1909 περιφερείαιο·
466 1868 528 1899 385
546 1872 680 1907 quanto
696 1880 820 1901 manus
837 1870 1077 1902 recentissima
1096 1871 1132 1902 in
1150 1874 1185 1909 L,
1204 1874 1329 1909 quinto
1344 1874 1428 1903 GLM
1516 1875 1703 1904 uarientur

158 1919 389 1961 Tappertzius
408 1919 451 1952 de
471 1921 758 1952 coniunctionum
778 1931 843 1952 usu
862 1921 957 1963 apud
976 1922 1072 1954 Man.
1093 1933 1147 1954 an.
1170 1923 1254 1955 1892
1269 1933 1302 1964 p.
1322 1923 1377 1962 23,
1395 1926 1585 1956 uariantur
1605 1923 1699 1964 libri,

157 1971 252 2013 quod
267 1971 379 2003 solum
400 1972 495 2013 apud
516 1972 704 2004 Manilium
728 1978 888 2014 superest
911 1973 1109 2015 exemplum
1133 1973 1318 2006 indicatiui
1342 1975 1378 2006 in
1401 1975 1570 2016 pendenti
1594 1976 1701 2007 inter·

156 2023 337 2065 rogatione
364 2024 482 2065 positi.
531 2034 613 2055 nam
641 2025 677 2055 in
705 2033 750 2055 111
778 2025 887 2057 560—2
914 2025 1014 2057 docui
1031 2049 1038 2057 .
1059 2049 1066 2057 .
1088 2050 1095 2057 .
1116 2025 1208 2057 uilae
1228 2025 1232 2067 Ι
1254 2027 1346 2067 quod
1370 2027 1574 2068 quandoque
1598 2038 1702 2068 9emts

157 2074 284 2114 uenit,
317 2075 476 2116 cuiusque
507 2076 558 2107 sit
589 2075 699 2115 ascri!
721 2076 861 2117 quisque
892 2087 1005 2109 annus
1028 2077 1118 2108 illud
1149 2077 1239 2109 uenit
1267 2088 1367 2110 nemo
1394 2082 1458 2110 aut
1483 2079 1611 2121 recipit
1637 2082 1701 2111 aut

156 2126 311 2168 recipere
341 2129 470 2168 potest,
503 2126 597 2168 quod
629 2127 658 2159 si
689 2128 884 2169 praesentis
918 2131 1010 2160 esset
1043 2129 1222 2170 temporis,
1256 2132 1381 2169 metro,
1415 2130 1469 2162 sin
1500 2131 1698 2172 praeteriti,

156 2178 352 2210 sententiae
383 2178 652 2217 aduersaretur3
691 2189 778 2220 quos
808 2182 926 2210 autem
956 2179 1104 2211 Iacobus
1134 2190 1167 2222 p.
1197 2180 1259 2211 211
1291 2181 1385 2213 locos
1415 2181 1552 2221 attulit,
1582 2183 1618 2214 in
1650 2183 1700 2214 eis

157 2229 298 2261 uariant
321 2229 478 2261 codices:
504 2238 544 2260 1v
570 2230 630 2264 117
652 2240 710 2261 nec
734 2229 847 2271 refert,
867 2230 972 2262 scelus
995 2231 1084 2262 unde
1108 2231 1200 2263 cadit
1225 2233 1307 2270 (LM,
1326 2232 1429 2264 cadat
1452 2235 1478 2264 G
1501 2236 1542 2265 ut
1565 2242 1611 2265 111
1634 2234 1699 2266 315

155 2291 214 2312 nec.
240 2281 344 2322 refert
361 2305 368 2313 .
391 2305 398 2312 .
421 2305 428 2313 .
448 2291 514 2322 quo
530 2305 537 2312 .
560 2305 566 2312 .
589 2305 596 2313 .
616 2281 777 2313 decurrat
796 2284 940 2321 omnes),
959 2283 1020 2313 211
1041 2282 1119 2314 sciet
1139 2305 1146 2313 .
1165 2306 1172 2314 .
1195 2307 1202 2315 .
1223 2293 1309 2324 quae
1326 2294 1442 2324 poena
1464 2289 1620 2325 sequetur
1635 2284 1696 2325 (L2,

156 2337 337 2373 sequentur
351 2335 421 2370 ΒΜ,
440 2337 601 2374 sequatur
616 2334 666 2372 G).
716 2333 806 2365 illud
828 2333 938 2375 igitur
960 2333 996 2365 in
1020 2334 1310 2375 disceptationem
1329 2335 1439 2375 uenit,
1457 2339 1578 2368 utrum
1593 2340 1699 2378 poeta

155 2395 176 2415 a
199 2383 465 2422 consuetudine,
487 2384 544 2415 cui
566 2384 661 2416 intra
688 2384 875 2416 dimidium
904 2385 1032 2416 librum
1062 2386 1131 2417 iam
1159 2386 1426 2428 quaterdeciens
1455 2389 1526 2427 (uu.
1547 2389 1602 2427 99,
1623 2390 1696 2428 109,

158 2436 231 2475 125,
255 2436 317 2468 136
340 2446 406 2477 sq.,
433 2436 507 2474 164,
525 2436 600 2474 204,
620 2436 696 2475 217,
717 2436 793 2475 249,
815 2437 880 2471 275
903 2447 967 2478 sq.‚
992 2437 1067 2475 296,
1093 2438 1170 2476 315)
1194 2439 1326 2479 paruit,
1352 2439 1417 2470 hoc
1447 2450 1517 2471 uno
1547 2439 1622 2472 loco
1652 2451 1697 2472 ne

154 2490 268 2519 metro
294 2486 436 2528 quidem
467 2487 637 2519 suadente
669 2487 870 2519 discesserit
899 2499 939 2520 ac
969 2491 1088 2520 tamen
1118 2489 1241 2520 statim
1272 2489 1317 2521 ad
1344 2501 1380 2522 se
1407 2491 1553 2523 redierit
1583 2491 1698 2533 accipe

155 2543 234 2580 quot
257 2543 399 2579 suryant
423 2539 606 2583 cedantque
624 2549 691 2579 per
713 2538 818 2571 horas
840 2539 1036 2579 scribendo,
1055 2551 1100 2572 an
1122 2540 1288 2573 librarius
1312 2542 1439 2584 aliquis
1462 2546 1504 2574 ut
1528 2543 1563 2574 in
1588 2544 1696 2576 tertio

154 2591 205 2622 ita
222 2590 258 2622 in
274 2592 402 2632 quarto
418 2590 522 2621 huius
543 2600 665 2622 uersus
685 2590 857 2622 uocabulo
878 2601 947 2622 una
970 2591 1092 2624 littera
1112 2591 1287 2624 aberrarit
1375 2598 1539 2635 tempora,
1560 2595 1696 2627 dierum

154 2645 190 2673 et
205 2642 363 2673 noctium
451 2646 554 2680 motu,
574 2644 680 2673 auctu
702 2645 738 2673 et
759 2642 1012 2682 deminutione,
1030 2646 1071 2675 ut
1088 2644 1163 2682 391,
1182 2644 1357 2676 momentis
1372 2646 1436 2678 443
1525 2646 1588 2677 386
1604 2650 1641 2679 et
1656 2650 1693 2687 G,

154 2702 173 2725 e
198 2696 257 2725 ΒΜ
346 2692 408 2724 387
435 2693 520 2724 ordo
548 2696 603 2725 est
629 2698 708 2734 quot
734 2704 797 2734 per
822 2694 925 2726 horas
1013 2694 1074 2725 388
1108 2695 1196 2726 ‘afin
1224 2696 1329 2738 qu’on
1356 2698 1536 2729 connoisse
1563 2698 1695 2731 l'heure

154 2745 288 2786 precise
317 2746 338 2776 a
367 2744 517 2786 laquelle
548 2744 682 2786 chaque
715 2744 820 2787 degre
857 2745 900 2777 de
936 2756 992 2777 ces
1027 2746 1143 2788 signes
1174 2750 1228 2779 est
1258 2758 1303 2779 au
1332 2748 1434 2790 point
1464 2748 1508 2781 de
1537 2749 1696 2782 l'orient’

154 2795 346 2838 Pingraeus
434 2796 498 2827 390
514 2795 573 2828 hoc
588 2795 683 2838 quod
706 2807 747 2828 ea
771 2797 814 2828 de
837 2798 1042 2839 quaestione
1065 2798 1264 2831 traditurus
1286 2810 1363 2831 sum
1381 2804 1608 2842 praeceptum

199 2848 236 2880 in
259 2852 375 2888 totum,
397 2848 434 2880 in
456 2848 671 2887 uniuersum,
694 2851 735 2880 ut
759 2847 837 2882 Sen.
857 2859 911 2891 ep.
931 2850 974 2882 94
996 2849 1036 2882 31
1061 2854 1206 2892 utraque
1229 2861 1282 2884 res
1300 2852 1485 2893 praecipit,
1505 2853 1564 2885 sed
1586 2853 1698 2885 altera
