1877 3146
166 164 220 202 22
762 162 823 205 M.
856 162 1108 206 MANILII

219 281 288 313 240
343 275 538 325 uertitur,
562 281 605 317 et
624 281 767 330 partes
785 282 967 331 surgunt
986 290 1215 331 rursusque
1234 277 1436 320 recedunt
1455 293 1464 328 3

344 363 441 391 cum
458 355 619 399 tamen,
640 349 684 390 in
705 364 974 405 quocumque
993 350 1082 392 dies
1103 351 1330 393 deducitur
1349 357 1476 402 astro,

342 438 417 465 sex
437 424 594 466 habeat
613 438 743 479 supra
760 430 907 474 terras,
929 439 1004 466 sex
1022 425 1142 480 signa
1161 425 1243 467 sub
1262 425 1354 467 illis.

345 513 429 552 quo
448 498 498 540 fit
517 503 567 540 ut
586 498 629 539 in
649 498 772 540 binas
791 514 877 541 non
897 499 1061 554 possint
1081 500 1223 541 omnia
1243 500 1373 550 nasci,

344 586 441 613 011111
459 572 649 627 spatium
667 587 752 614 non
771 573 828 615 sit
847 574 928 616 sibi
944 588 1025 628 par
1043 574 1334 629 pugnantibus
1356 575 1481 625 horis,

220 653 289 685 245
343 646 377 688 si
398 646 526 688 modo
546 646 610 688 bis
629 662 755 689 senae
774 654 1000 690 seruantur
1019 648 1111 689 luce
1130 648 1210 689 sub
1230 649 1358 698 omni,

345 734 471 775 quem
490 735 714 763 numerum
733 722 860 764 debet
880 722 990 764 ratio
1009 722 1083 764 sed
1101 737 1187 764 non
1207 722 1323 777 capit
1341 737 1456 765 usus.

398 809 475 836 1100
493 795 573 837 tibi
592 796 852 838 constabunt
871 796 994 838 aliter
1012 796 1191 852 uestigia
1210 797 1314 847 ueri,

344 869 400 919 ni,
422 869 559 910 lucem
578 875 832 925 noctemque
850 871 963 925 paris
983 870 1198 912 dimensus
1217 870 1260 912 in
1280 871 1418 922 horas,

344 942 387 984 in
409 948 619 997 quantum
638 944 756 985 uario
776 950 955 999 pateant
974 945 1054 986 sub
1073 950 1266 1000 tempore
1286 945 1413 996 noris,

221 1024 289 1056 250
344 1018 572 1073 regulaque
591 1024 742 1061 exacta
761 1019 946 1074 primum
965 1019 1172 1062 formetur
1191 1020 1236 1062 in
1256 1021 1359 1062 hora

162 1197 276 1228 minor
376 1197 442 1228 240
461 1203 491 1230 ει
508 1203 640 1239 partes,
658 1203 778 1240 partes
793 1210 941 1241 quoque.
991 1200 1084 1232 sicut
1103 1211 1240 1232 summa
1260 1200 1408 1239 dierum,
1433 1200 1498 1232 1100
1519 1203 1574 1233 est
1594 1201 1706 1233 totius

162 1247 232 1280 diei
256 1259 277 1280 a
301 1259 402 1280 mane
426 1249 471 1281 ad
495 1260 680 1292 uesperum
707 1262 881 1290 mensura,
899 1251 981 1283 anni
1006 1255 1164 1293 tempore
1185 1253 1341 1283 uertitur
1362 1252 1437 1283 siue
1460 1255 1628 1291 mutatur,
1656 1253 1706 1284 sie

164 1300 272 1331 etiam
287 1304 408 1342 partes
424 1300 572 1340 dierum,
590 1302 655 1334 1100
672 1307 726 1334 est
742 1303 860 1342 horae,
879 1308 1042 1335 crescunt
1058 1314 1247 1345 rursusque
1262 1304 1470 1335 minuuntur
1556 1303 1619 1334 241
1643 1303 1708 1334 242

164 1352 298 1384 Aratus
321 1353 429 1385 553-ss
453 1353 496 1385 de
519 1353 660 1385 zodiaco
684 1353 740 1386 τοῦ
765 1354 791 1385 δ’
815 1356 912 1386 ὅσσον
937 1356 1055 1386 κοίλοιο
1078 1355 1148 1386 κατ’
1173 1357 1321 1386 ὠκεανοῖο
1338 1357 1449 1394 δύηται
1468 1355 1473 1397 Ι
1493 1356 1612 1387 τόσσον
1630 1356 1708 1396 ὑπὲρ

163 1405 264 1442 Ὑαίησ
289 1405 433 1445 φέρεται·
456 1407 546 1445 πάσῃ
574 1406 600 1436 δ’
627 1407 681 1437 ἐπὶ
707 1408 795 1437 νυκτὶ
814 1406 818 1448 Ι
840 1408 873 1445 ἓξ
899 1408 961 1437 αἰεὶ
988 1408 1113 1438 δύνουσι
1142 1407 1342 1438 δυωδεκάδεσ
1365 1409 1492 1438 κύκλοιο
1511 1408 1516 1446 Ι
1535 1408 1651 1438 τόσσαι
1679 1407 1706 1438 δ’

164 1457 365 1488 ἀντέλλουσι.
415 1455 522 1488 schol.
543 1459 592 1488 ἀεὶ
607 1458 671 1498 ’γὰρ
693 1457 743 1489 ἐπ’
761 1459 895 1498 ἀκριβέσ
911 1459 944 1496 ἐξ
959 1460 1016 1496 μὲν
1033 1459 1112 1499 ὑπὲρ
1127 1460 1193 1498 ’γῆσ
1209 1457 1316 1498 ζῴδια,
1336 1461 1370 1497 ἓξ
1393 1460 1427 1490 δὲ
1450 1459 1549 1490 πάλιν
1568 1460 1628 1490 ὑπὸ
1642 1460 1706 1499 ’γῆν

260 1506 326 1538 242
351 1516 414 1539 sex
438 1509 554 1549 priore
580 1508 656 1540 1000
682 1507 764 1548 L2M,
791 1512 852 1541 sed
880 1512 930 1541 GL
1025 1509 1089 1540 243
1113 1518 1181 1548 quo
1204 1509 1278 1549 (312²,
1304 1512 1480 1551 quoquM
1580 1513 1621 1542 nt
1643 1513 1701 1549 GL,

164 1559 214 1589 sit
229 1560 262 1589 Μ
350 1558 387 1590 in
403 1558 500 1590 binas
515 1559 622 1598 nasci,
642 1559 742 1591 binas
759 1560 862 1591 horas
877 1559 1051 1602 complere
1067 1559 1222 1592 oriendo.
1272 1560 1336 1592 292
1358 1570 1408 1602 sq.
1429 1559 1533 1592 Aries
1555 1559 1706 1601 spatium

165 1614 359 1651 tempusque
385 1610 532 1643 cadendi
553 1610 557 1652 Ι
577 1611 668 1652 quod
693 1616 786 1650 tenet,
815 1611 851 1644 iu
876 1616 1011 1644 tautum
1037 1612 1159 1645 Chelae
1184 1622 1381 1653 consurgere
1400 1616 1556 1652 perstant
1643 1611 1708 1642 244

165 1663 232 1692 sibi
262 1670 329 1700 par
358 1661 527 1694 Heinsius
558 1662 601 1694 ad
633 1662 735 1695 Ouid.
771 1662 851 1695 fast.
887 1672 927 1695 vr
954 1664 1029 1702 793,
1058 1667 1201 1696 tantum
1224 1663 1318 1703 libri,
1350 1663 1445 1705 quod
1471 1663 1577 1696 metri
1602 1673 1707 1696 eausa

165 1712 401 1745 substitutum
426 1713 595 1746 Heinsius
622 1715 837 1747 coniectauit
861 1725 938 1747 cum
964 1715 1029 1746 sibi
1049 1718 1194 1757 propter
1217 1715 1260 1747 sit
1283 1715 1482 1747 excidisset.
1530 1725 1601 1747 non
1623 1715 1706 1757 quia

164 1774 288 1806 parum
304 1765 411 1806 spatii
427 1765 523 1797 horis
540 1766 598 1804 sit,
617 1765 679 1797 sed
694 1766 777 1808 quia
792 1777 862 1798 non
883 1766 1043 1798 omnibus
1067 1766 1172 1806 idem,
1191 1767 1361 1798 Manilius
1381 1766 1456 1798 fieri
1477 1777 1578 1808 posse
1600 1769 1708 1808 negat

164 1820 206 1848 ut
231 1817 348 1848 omnia
372 1818 471 1859 signa
496 1817 532 1849 in
558 1818 658 1850 binas
683 1823 884 1851 nascantur.
933 1819 983 1851 sic
1007 1819 1099 1850 enim
1127 1822 1418 1861 argumentatur:
1442 1818 1546 1850 horas
1570 1818 1705 1850 dierum

165 1871 300 1900 aestate
330 1868 513 1910 longiores,
547 1869 661 1901 hieme
691 1869 869 1902 breuiores
896 1881 982 1910 esse,
1012 1881 1090 1902 011111
1118 1874 1237 1902 tamen
1259 1870 1438 1912 signorum
1461 1880 1626 1902 numerus
1648 1869 1706 1902 uel

165 1919 301 1951 aestiuo
316 1920 373 1951 uel
390 1920 536 1952 hiberno
553 1920 611 1953 die
627 1921 816 1953 orientium
832 1932 969 1964 semper
985 1921 1076 1954 idem
1095 1922 1142 1954 sit
1155 1934 1164 1961 ;
1188 1932 1255 1964 quo
1271 1921 1347 1953 fieri
1362 1925 1402 1953 ut
1418 1932 1487 1953 non
1510 1921 1646 1963 possint
1669 1924 1706 1953 et

165 1971 250 2002 haec
266 1974 302 2003 et
318 1971 379 2003 illa
395 1972 533 2014 singula
549 1977 683 2004 certum
700 1973 842 2015 aliquod
865 1974 1033 2015 temporis
1054 1974 1219 2016 spatium,
1239 1973 1332 2015 quod
1354 1973 1517 2005 binarum
1540 1973 1704 2005 horarum

165 2023 304 2054 nomine
325 2023 530 2065 appelletur,
556 2024 730 2066 surgendo
751 2035 964 2064 consumere,
992 2036 1070 2057 cum
1098 2026 1194 2067 ipsae
1217 2025 1321 2057 horae
1343 2025 1544 2066 inaequales
1566 2025 1650 2064 sint,
1676 2024 1705 2056 si

166 2073 269 2104 modo
295 2073 477 2115 uulgarem
504 2075 661 2116 sequaris
690 2075 864 2107 rationem
887 2076 924 2107 in
948 2075 1043 2107 omni
1066 2075 1123 2107 die
1150 2075 1328 2107 duodenas
1351 2075 1568 2107 numerandi.
1616 2086 1706 2118 quae

165 2125 342 2156 sententia
365 2126 603 2167 requireretur
625 2131 854 2168 perspexerat
870 2126 1060 2160 Salmasius
1076 2126 1166 2159 Plin.
1187 2137 1298 2158 exerc.
1319 2137 1346 2158 0.
1367 2127 1408 2161 37
1425 2129 1471 2168 (p.
1491 2128 1556 2160 453
1572 2126 1625 2159 ed.
1646 2138 1702 2160 an.

170 2176 278 2215 1689),
299 2176 358 2207 sed
375 2177 411 2208 in
427 2177 632 2218 corrigendo
648 2178 767 2220 lapsus
783 2182 837 2210 est
925 2178 1078 2219 spacium
1099 2178 1163 2210 sibi
1182 2189 1264 2219 par,
1283 2178 1398 2220 spatia
1420 2178 1513 2210 inter
1531 2189 1567 2210 se
1583 2179 1705 2220 paria:

166 2237 235 2258 non
251 2227 354 2269 plane
370 2228 500 2260 similia
515 2232 599 2260 sunt
614 2239 703 2271 quae
719 2230 888 2262 Heinsius
904 2230 1040 2269 attulit,
1059 2229 1160 2261 uelut
1176 2229 1277 2261 Ouid.
1294 2229 1365 2262 her.
1382 2238 1434 2261 xx
1453 2230 1496 2262 62
1512 2240 1571 2262 nec
1589 2230 1708 2262 dubito

167 2283 272 2310 cocum
284 2279 367 2320 quin
379 2279 443 2311 sibi
453 2290 526 2321 par
537 2280 580 2311 sit
593 2291 677 2321 opu-3
764 2281 995 2322 puqnautibus
1011 2292 1127 2313 secum
1139 2284 1175 2313 et
1187 2281 1469 2323 discrepantibus
1556 2281 1620 2312 245
1635 2281 1708 2314 luce

168 2330 225 2362 sub
256 2330 358 2369 omui,
388 2331 453 2363 249
484 2331 584 2363 uario
602 2357 609 2364 .
630 2356 637 2364 .
661 2356 668 2364 .
687 2332 747 2364 sub
778 2337 936 2374 tempore,
969 2334 1032 2365 488
1064 2332 1302 2374 qualicumque
1332 2333 1392 2364 sub
1422 2333 1518 2372 hora,
1553 2333 1614 2367 671
1647 2332 1707 2365 sub

167 2387 308 2422 utroque
325 2407 332 2414 .
353 2407 360 2414 .
383 2406 390 2414 .
411 2387 570 2424 tempore,
598 2392 624 2414 V
650 2384 713 2416 634
739 2384 800 2416 sub
827 2384 890 2416 cali
917 2389 1063 2425 tempore
1150 2384 1215 2415 246
1237 2384 1343 2416 horae
1366 2384 1500 2416 dierum
1526 2383 1707 2416 duodenae

168 2433 240 2464 sint
261 2437 413 2474 oportet,
432 2435 462 2465 si
485 2445 569 2466 uera
593 2440 647 2466 est
670 2436 762 2467 ratio
785 2437 1072 2478 computatioque
1096 2436 1288 2467 communis
1301 2448 1310 2474 ;
1334 2435 1395 2467 sed
1420 2446 1499 2467 eum
1522 2445 1707 2467 numerum

168 2494 222 2516 res
253 2489 289 2516 et
320 2495 404 2517 usus
433 2496 504 2517 non
535 2486 630 2528 capit
718 2486 870 2518 247-300
900 2487 1054 2530 Scaliger
1080 2487 1134 2519 ed.
1164 2488 1186 2519 2
1214 2491 1296 2529 post
1322 2487 1387 2519 482
1416 2487 1568 2526 traiecit,
1602 2497 1706 2529 quem

169 2546 321 2567 errorem
338 2547 416 2568 cum
433 2547 535 2569 nemo
551 2541 692 2570 secutus
708 2538 766 2577 sit,
786 2549 856 2570 non
872 2539 1015 2571 uidetur
1031 2538 1152 2570 dedita
1174 2549 1279 2581 opera
1299 2538 1508 2570 refutandus
1522 2550 1531 2577 ;
1554 2549 1707 2570 errorem

169 2587 261 2618 enim
277 2597 351 2618 esse
368 2589 454 2620 satis
469 2588 608 2630 patebit
623 2600 666 2621 ex
682 2590 733 2621 eis
748 2600 837 2632 quae
854 2590 889 2622 in
905 2590 1121 2632 praefatione
1137 2591 1283 2632 exposui
1386 2589 1452 2620 249
1466 2590 1504 2622 in
1526 2594 1702 2631 quantum.

169 2638 206 2669 in
229 2642 362 2670 cantum
385 2648 430 2670 111
454 2641 516 2674 657
541 2642 624 2679 (non
647 2641 711 2673 293
733 2651 797 2672 nec
820 2642 909 2681 628),
929 2651 968 2673 1v
990 2642 1065 2680 838,
1084 2650 1108 2672 v
1124 2642 1200 2681 599,
1218 2641 1312 2683 quod
1335 2641 1512 2683 praeierat
1527 2640 1706 2682 Vergilius

169 2689 258 2720 Aen.
278 2697 317 2720 VI
341 2690 425 2723 876:
450 2690 487 2721 in
510 2696 675 2732 quantum
698 2691 866 2724 Ouidium
889 2692 1020 2724 dixisse
1042 2693 1170 2725 uolunt
1192 2698 1274 2725 met.
1294 2701 1336 2724 XI
1352 2693 1390 2727 71
1409 2693 1446 2724 in
1468 2696 1633 2734 quantum
1658 2696 1706 2724 eat

170 2750 320 2781 quaeque
343 2745 467 2780 secuta,
492 2753 582 2783 quae
608 2743 716 2775 uerba
737 2744 926 2776 nemodum
949 2744 1152 2786 explicauit,
1179 2745 1336 2786 plerique
1359 2754 1403 2776 ne
1425 2744 1542 2776 eonati
1563 2743 1706 2785 quidem

170 2796 253 2823 sunt
268 2803 277 2829 ;
300 2791 469 2825 dixerunt
483 2797 564 2834 post
579 2793 766 2826 Manilium
779 2795 936 2827 Velleius
949 2805 962 2827 1
975 2797 995 2828 9
1007 2797 1027 2828 3
1040 2799 1077 2827 et
1088 2795 1185 2835 alibi,
1200 2795 1331 2828 Seneca
1346 2797 1456 2827 contr.
1470 2803 1526 2826 vn
1542 2793 1650 2836 praef.
1669 2794 1703 2833 3,

170 2842 231 2874 alii
315 2847 459 2883 pateant
474 2843 535 2876 lux
552 2847 588 2876 et
600 2856 668 2877 nox
681 2846 740 2878 sub
752 2846 853 2878 uario
866 2847 949 2878 anni
964 2851 1111 2887 tempore
1198 2846 1262 2877 250
1274 2852 1404 2885 exacta,
1419 2849 1514 2878 certo
1527 2849 1706 2888 comperta

256 2896 429 2927 formetur
450 2898 520 2935 Lm,
539 2899 714 2930 formatur
737 2900 762 2929 G
848 2901 937 2930 hora
959 2898 1152 2938 Bentleius,
1173 2901 1279 2930 horas
1302 2898 1384 2930 libri
1470 2896 1532 2928 251
1557 2906 1707 2936 surgens
