1877 3146
211 89 236 127 2
802 89 863 131 M.
896 89 1148 131 MANILII

311 207 334 239 δ
387 214 473 242 non
494 215 569 256 ego
589 201 631 242 in
653 200 864 243 excidium
883 201 986 243 caeli
1005 202 1223 244 nascentia
1243 202 1352 244 bella

388 274 575 317 fulminis
597 281 639 317 et
658 275 839 318 flammis
859 282 1007 331 partus
1026 277 1069 318 in
1090 283 1226 319 matre
1244 278 1444 333 sepultos,

388 363 473 390 non
493 349 734 390 coniuratos
753 363 868 405 reges
889 350 1097 405 Troiaque
1116 350 1294 393 cadente

387 422 575 465 Hectora
594 422 788 465 uenalem
808 423 935 465 cineri
955 424 1256 480 Priamumque
1274 425 1493 475 ferentem,

387 497 587 539 Colchida
606 512 683 539 nec
702 498 882 539 referam
900 498 1158 541 uendentem
1177 513 1305 555 regna
1323 500 1511 555 parentis

289 578 330 610 10
387 576 430 613 et
448 571 635 612 lacerum
653 571 831 613 fratrem
848 577 1010 627 stupro,
1031 578 1277 628 segetesque
1296 573 1484 615 uirorum

384 650 690 701 taurorumque
709 646 839 688 trucis
859 646 1053 688 flammas
1073 647 1327 704 uigilemque
1347 648 1574 690 draconem

386 724 430 761 et
449 719 621 762 reduces
641 735 774 762 annos
794 735 982 776 auroque
1001 721 1196 763 incendia
1215 722 1331 764 facta

386 799 429 836 et
449 794 558 835 male
578 800 805 849 conceptos
825 800 973 850 partus
993 795 1197 851 peiusque
1215 802 1388 838 necatos
1406 812 1416 847 ;

384 883 470 910 non
490 883 651 910 annosa
672 883 824 911 canam
843 869 1060 912 Messanae
1079 869 1190 912 bella
1209 871 1412 921 nocent-is,

287 950 329 982 15
383 948 635 998 septenosue
654 942 782 985 duces
801 949 1031 999 ereptaque
1050 944 1228 987 fulmine
1247 944 1428 987 flammis

384 1017 549 1059 moenia
570 1017 811 1059 Thebarum
831 1023 873 1060 et
893 1018 1055 1060 uictam
1075 1019 1174 1074 quia
1193 1019 1355 1061 uicerat
1374 1019 1536 1070 urbem,

203 1124 292 1157 lauit
313 1123 510 1165 Tyrrhenas
527 1123 642 1164 ifflzota
658 1124 837 1165 asperqine
855 1124 961 1157 siluas
975 1137 983 1163 ;
1007 1125 1037 1156 is
1054 1128 1183 1164 autem,
1199 1126 1255 1157 cui
1272 1137 1362 1158 noua
1378 1126 1496 1168 aliqua
1512 1137 1567 1158 res
1583 1125 1749 1167 obicitur,

203 1175 369 1208 similiter
399 1175 531 1207 dicitur
558 1175 702 1217 ignarus
729 1175 836 1217 Verg.
867 1176 945 1208 buc.
972 1185 1010 1208 VI
1034 1177 1075 1209 39
1099 1188 1149 1219 sq.
1176 1177 1345 1218 incipiam
1368 1178 1476 1210 siluae
1500 1188 1575 1210 cum
1592 1177 1750 1219 primum

202 1237 350 1268 suryere,
371 1237 509 1266 cumque
529 1227 534 1267 Ι
555 1237 643 1258 rara
658 1238 721 1267 per
739 1227 877 1268 iqnaros
898 1233 1009 1260 errem
1029 1228 1199 1260 animalia
1217 1229 1351 1267 monti-3,
1371 1230 1501 1261 inscius
1516 1230 1605 1262 Aen.
1624 1238 1654 1262 11
1669 1230 1746 1270 307,

203 1279 340 1311 nescius
365 1277 469 1320 Prop.
498 1287 511 1310 1
535 1279 577 1311 20
599 1280 652 1310 41.
701 1282 856 1310 ceterum
881 1280 1000 1311 confer
1023 1280 1120 1312 Man.
1140 1289 1165 1311 V
1185 1281 1249 1312 468
1271 1280 1362 1312 mille
1383 1280 1474 1313 alias
1490 1290 1607 1313 rerum
1626 1281 1753 1322 species

205 1330 246 1362 in
268 1330 459 1363 carmina
483 1330 643 1368 ducent,
663 1339 676 1361 1
698 1330 738 1361 12
757 1331 923 1362 aetherios
937 1341 1002 1371 per
1023 1331 1207 1363 carmina
1228 1333 1383 1372 pandere
1399 1343 1549 1372 census,
1566 1336 1749 1374 praeterea

202 1392 318 1414 census
349 1391 389 1413 1v
419 1382 496 1420 877,
530 1390 554 1412 v
585 1382 649 1413 359
752 1382 770 1412 5
802 1381 822 1412 6
861 1391 890 1413 11
929 1383 1035 1417 875-9
1138 1383 1159 1414 6
1189 1386 1340 1415 flammis
1372 1387 1430 1416 Lm
1465 1383 1540 1416 cod.
1572 1384 1743 1424 Venetus,

201 1436 363 1466 flammas
380 1432 453 1472 GL2,
474 1432 566 1465 unde
588 1438 776 1474 partusque
800 1433 900 1465 codd.
922 1444 1008 1466 recc.
1030 1437 1066 1466 et
1082 1434 1188 1476 uulgo
1207 1440 1289 1466 ante
1305 1434 1516 1474 Bentleium,
1530 1435 1592 1467 sed
1607 1438 1751 1468 flamma

202 1485 256 1517 ed.
288 1485 516 1527 quaternaria
550 1485 625 1516 sine
656 1484 732 1516 loco
763 1489 799 1516 et
829 1495 920 1516 anno
958 1496 1063 1528 quam
1100 1486 1192 1518 circa
1232 1487 1315 1519 1490
1346 1487 1506 1519 Venetiis
1542 1487 1749 1529 impressam

201 1539 389 1569 autumant
413 1536 464 1567 rei
492 1536 768 1578 typographicae
793 1537 901 1578 periti
1011 1536 1031 1567 7
1056 1537 1120 1569 hoc
1145 1537 1221 1569 loco
1245 1541 1290 1575 M,
1313 1541 1395 1580 post
1417 1538 1458 1570 3⁷
1475 1541 1535 1577 GL,
1553 1548 1623 1580 quo
1648 1538 1747 1570 fonte

202 1587 364 1620 deriuata
391 1587 508 1619 clades
535 1587 570 1619 in
596 1598 715 1619 omnes
741 1587 914 1619 editiones
941 1587 1045 1620 fiuxit
1070 1588 1231 1621 Bentleio
1255 1590 1388 1631 priores
1476 1592 1679 1623 conjuratos
1698 1593 1745 1629 M,

201 1643 344 1672 curatos
366 1642 400 1678 L,
424 1642 470 1671 ad
492 1643 636 1671 curatos
662 1638 724 1671 GL²
813 1643 959 1672 cadente
983 1643 1028 1679 M,
1054 1644 1220 1673 cadentes
1244 1644 1294 1672 GL
1317 1644 1464 1683 propter
1487 1652 1610 1673 uersus
1634 1647 1749 1673 trans-

202 1691 412 1733 positionem
501 1690 520 1721 8
537 1691 691 1722 uenalem
715 1690 832 1729 cineri,
858 1702 950 1723 cons.
976 1691 1054 1724 Liu.
1080 1693 1141 1724 431
1169 1692 1330 1731 (Hector)
1354 1693 1548 1734 redemptus
1569 1693 1618 1725 ad
1640 1692 1744 1734 ἕρπω,

202 1742 376 1784 Lycophr.
398 1741 498 1774 Alex.
524 1742 589 1776 276
612 1743 628 1773 ὁ
652 1744 877 1783 νεκροπέρνασ,
903 1743 1011 1775 schol.
1031 1745 1047 1775 ὁ
1070 1743 1226 1783 Ἀχιλεὺσ
1250 1745 1266 1775 ὁ
1290 1745 1479 1785 πιπράσκων
1502 1746 1580 1776 τοὺσ
1601 1745 1746 1785 νεκροῠσ,

202 1795 250 1826 ὅτι
273 1795 329 1825 τὸν
345 1794 486 1834 Ἕκτορα
510 1795 618 1834 νεκρὸν
644 1795 720 1825 ὄντα
744 1796 918 1835 πέπρακεν.
967 1794 1074 1827 cineri
1096 1796 1218 1837 rogali,
1244 1799 1286 1827 ut
1309 1795 1400 1829 Stat.
1427 1796 1506 1828 silu.
1532 1805 1558 1827 V
1580 1797 1602 1829 5
1626 1797 1666 1828 18
1690 1806 1740 1838 sq.

203 1848 358 1890 quisquis
375 1873 382 1880 .
404 1873 411 1880 .
434 1873 441 1880 .
463 1849 625 1880 immersit
642 1848 749 1880 cineri
764 1848 918 1881 iuuenem
1008 1848 1028 1880 9
1051 1849 1090 1880 10
1110 1849 1196 1881 ordo
1217 1853 1271 1882 est
1291 1851 1488 1882 uendentem
1508 1855 1626 1891 stupro
1640 1861 1749 1891 reyna

200 1900 360 1941 parentis
390 1904 420 1931 et
450 1900 601 1932 lacerum
623 1900 788 1940 fratrem.
837 1904 999 1942 stuprum
1031 1901 1120 1933 dicit
1145 1902 1283 1933 externi
1312 1902 1381 1933 uiri
1411 1901 1648 1940 concubitum,
1678 1912 1750 1944 qua

204 1951 363 1984 mercede
394 1951 520 1983 Medea
548 1955 584 1983 et
612 1952 744 1983 Aeetae
773 1963 880 1994 regna
907 1952 1037 1984 uellere
1065 1963 1171 1984 aureo
1197 1952 1366 1995 subrepto
1388 1953 1547 1995 prodidit
1570 1956 1618 1994 et,
1643 1964 1747 1995 quem

204 2002 424 2035 trucidatum
441 2002 641 2044 discerpsit,
660 2004 857 2045 Apsyrtum
874 2004 1031 2035 fratrem.
1081 2004 1136 2036 uel
1159 2015 1201 2036 ex
1221 2004 1286 2036 hoc
1304 2005 1379 2036 loco
1401 2005 1560 2047 intellegi
1575 2005 1695 2047 potuit
1711 2006 1748 2037 in

202 2054 307 2096 Prop.
328 2063 372 2086 111
393 2055 432 2086 19
448 2054 487 2085 21
507 2065 555 2096 sq.
578 2059 679 2095 cuque
695 2066 726 2093 o,
744 2055 789 2086 M
791 2057 867 2086 z'noa
885 2056 1094 2094 amandata,
1113 2055 1239 2097 Scylla,
1249 2055 1372 2097 fiyura
1391 2057 1395 2096 Ι
1416 2056 1555 2088 tondens
1567 2067 1748 2098 purpurea

201 2116 308 2147 re9na
329 2110 480 2147 paterna
512 2116 607 2138 coma
633 2107 739 2138 uerba
768 2107 819 2138 ita
847 2107 1024 2148 iungenda
1051 2118 1137 2146 esse,
1167 2118 1272 2148 reyna
1300 2113 1449 2148 paterna
1479 2108 1603 2140 Minoa
1622 2108 1746 2149 fiyuroe

202 2157 403 2189 uemmdata
492 2156 532 2187 12
563 2157 641 2189 Sen.
663 2157 757 2189 Med.
780 2159 844 2190 820
868 2158 957 2198 iynis
971 2158 1077 2199 fuluo
1099 2159 1210 2190 clusus
1233 2159 1269 2190 in
1291 2170 1378 2191 auro
1467 2159 1509 2190 14
1533 2160 1748 2199 Μεσσηνιακά.

203 2219 342 2240 carmen
366 2209 503 2250 epicum
527 2208 705 2240 Rhianum
727 2210 908 2251 scripsisse
929 2210 1039 2242 refert
1058 2210 1249 2242 Pausanias
1265 2219 1305 2242 1v
1321 2212 1341 2243 6
1359 2212 1389 2249 1,
1407 2210 1453 2243 ad
1468 2210 1562 2253 quod
1578 2221 1666 2253 opus
1681 2211 1747 2244 hoc

203 2271 308 2292 uersu
325 2260 453 2302 respici
470 2260 648 2292 intellexit
660 2260 839 2293 Iacobsius
855 2261 1030 2293 animadu.
1048 2262 1083 2293 in
1100 2262 1197 2294 anth.
1214 2262 1275 2294 Gr.
1288 2262 1357 2294 uol.
1373 2271 1419 2294 111
1435 2273 1467 2304 p.
1486 2263 1559 2295 945.
1608 2262 1750 2295 Rhiano

203 2311 385 2344 Tiberium
416 2311 603 2344 admodum
637 2312 852 2344 delectatum
889 2313 997 2345 fuisse
1028 2312 1217 2345 Suetonius
1249 2314 1360 2346 tradit
1390 2314 1467 2346 Tib.
1502 2314 1545 2349 70
1573 2315 1603 2347 2.
1651 2314 1749 2347 hunc

202 2374 344 2395 uersum
366 2363 546 2395 Breiterus
563 2367 643 2405 post
659 2364 698 2395 21
718 2364 914 2403 collocauit‚
934 2364 1027 2406 quod
1052 2365 1108 2396 uel
1126 2368 1313 2407 propterea
1332 2365 1458 2397 falsum
1480 2370 1534 2397 est
1554 2366 1637 2408 quia
1652 2366 1747 2398 inter

203 2413 353 2454 referam
371 2415 390 2446 9
407 2418 442 2446 et
458 2415 609 2454 referam
629 2415 666 2449 17
684 2416 880 2448 necessario
892 2427 1023 2447 nouum
1040 2416 1191 2448 orationi
1208 2417 1416 2458 capiendum
1432 2417 1573 2449 initium
1588 2416 1660 2449 suit

246 2476 390 2504 annosa,
417 2465 598 2504 diuturna,
625 2466 742 2498 Germ.
770 2467 896 2508 phaen.
924 2469 988 2500 443
1014 2478 1162 2499 annosas
1185 2468 1406 2509 planetarum
1429 2469 1507 2501 uias
1594 2468 1749 2501 Messene

202 2516 340 2548 codices
359 2516 478 2549 Ouidii
496 2517 603 2549 statii
620 2518 866 2560 plerorumque
954 2519 1112 2557 nocentis,
1131 2519 1160 2550 si
1177 2518 1263 2551 fides
1279 2519 1472 2552 uictoribus
1486 2532 1493 2552 ι
1517 2519 1620 2552 Paus.
1637 2521 1709 2552 1v4
1724 2520 1746 2551 2

203 2569 448 2606 Λακεδαιμόνιοι
464 2570 522 2606 μὲν
537 2571 575 2607 δή
597 2574 696 2608 φασιν
714 2570 760 2600 ὠσ
776 2571 957 2610 παρθένουσ
973 2571 1076 2601 αὐτῶν
1094 2573 1362 2611 παραγενομένασ
1377 2573 1427 2603 εἰσ
1441 2573 1500 2610 τὴν
1516 2572 1626 2612 ἑορτὴν
1643 2572 1746 2603 αὑτάσ

202 2631 237 2650 τε
259 2620 430 2660 βιάσαιντο
452 2621 568 2659 ἄνδρεσ
588 2621 651 2651 τῶν
674 2622 866 2658 Μεσσηνίων
891 2623 943 2652 καὶ
961 2623 1017 2652 τὸν
1035 2623 1175 2662 βασιλέα
1197 2623 1287 2661 σφῶν
1309 2623 1529 2654 ἀποκτείναιεν
1552 2623 1746 2663 πειρώμενον

201 2672 336 2702 κωλύειν
426 2670 464 2700 15
487 2680 530 2702 ue
547 2670 739 2710 Beutleius,
759 2680 827 2709 que
844 2671 925 2703 libri
1012 2675 1160 2704 fulmine
1176 2673 1276 2705 codd.
1296 2673 1388 2705 Flor.
1409 2677 1446 2705 et
1460 2673 1576 2713 Bodl„
1594 2675 1748 2706 fiumina

200 2724 246 2760 M,
279 2724 425 2753 flumina
463 2725 521 2753 GL.
574 2723 782 2754 ‘fulminato
821 2722 983 2765 Capaneo
1014 2724 1195 2756 uindicata
1233 2728 1287 2756 est
1326 2724 1570 2756 Thebanorum
1605 2724 1688 2756 urbs
1722 2735 1744 2756 a.

200 2772 361 2811 flammis,
387 2783 474 2814 quas
501 2773 560 2805 ille
584 2773 785 2806 minabatur
812 2774 959 2806 Thebis'
984 2775 1149 2817 Scaliger.
1198 2775 1301 2808 Ouid.
1330 2779 1412 2809 met.
1440 2784 1469 2807 11
1492 2776 1555 2808 313
1579 2775 1746 2818 Iuppiter

198 2824 311 2857 saeuis
348 2824 537 2865 conpescuit
575 2824 708 2865 iyuibws
746 2825 838 2866 ique-3
875 2825 1109 2858 Phaethontis
1199 2826 1239 2857 16
1277 2830 1398 2859 urbem
1435 2826 1535 2859 codd.
1570 2826 1670 2859 Bodl.
1703 2830 1742 2860 et
