1877 3146
184 162 240 200 42
783 157 844 199 Μ.
877 157 1130 199 MANILII

240 278 308 310 420
365 271 603 312 detrahitur
622 284 816 311 summae
834 275 929 311 tota
947 283 1058 324 pars,
1081 275 1213 324 quota
1234 269 1418 311 demitur
1437 283 1571 323 usque

367 345 562 386 omnibus
583 359 635 385 ex
654 344 767 385 horis
787 344 975 385 aestiuae
993 343 1164 384 nomine
1182 343 1332 394 noctis,

366 419 597 460 solstitium
616 432 784 459 summo
803 417 967 472 peragit
987 431 1084 459 cum
1103 417 1299 458 Phoebus
1321 417 1514 472 Olympo.

368 493 566 548 quodque
586 492 650 533 hjs
671 497 897 547 exsuperat
917 491 1101 546 demptis
1120 491 1164 532 id
1183 491 1328 533 ducito
1347 491 1390 532 in
1411 505 1568 546 aequas

366 582 439 609 sex
458 572 614 622 partes,
637 572 888 621 sextamque
907 565 1072 607 ardenti
1091 566 1214 607 trade
1233 565 1375 607 Leoni.

185 725 310 756 ultima
334 725 402 755 tria
426 724 468 755 ob
491 723 762 755 similitudinem
786 723 912 754 omissa
938 733 1012 754 esse
1097 721 1163 752 420
1189 722 1395 760 detrahitur,
1422 722 1486 754 423
1512 721 1637 761 ducito,
1663 722 1727 754 424

185 777 293 815 trade,
313 777 377 808 426
393 776 456 807 erit
473 776 637 814 dicanda,
656 775 721 807 430
736 775 905 813 tradetur,
925 774 1031 806 simili
1053 775 1247 806 uariatione
1269 777 1375 815 atque
1391 783 1420 805 11
1437 775 1558 808 727-33
1574 773 1724 815 dispone,

186 837 365 859 numerare
391 832 564 865 memento,
592 827 730 864 ducunt,
757 827 884 858 locetur
971 830 1059 857 totus
1086 825 1404 857 demonstratiuum
1431 825 1582 857 relatiuo
1608 830 1728 866 quotus

186 879 399 921 respondens
424 879 460 910 in
485 878 587 910 Lucr.
607 887 647 910 VI
673 878 737 910 652
762 889 818 910 nec
845 883 930 909 tota
955 888 1069 918 pars,
1099 878 1195 909 homo
1224 877 1331 909 terrai
1362 882 1483 918 quota
1513 876 1615 909 totius
1642 887 1728 909 unua

184 936 307 962 extare
333 936 370 962 et
397 930 535 961 Manilii
560 929 714 961 editores
744 929 928 971 praeteriit
959 933 996 961 et
1025 929 1299 971 lexicographos‚
1323 929 1384 970 qui
1411 929 1523 960 solum
1550 928 1683 962 Colum.
1703 937 1728 961 v

186 984 206 1015 3
230 985 249 1015 5
273 987 494 1024 quotcumque
517 982 646 1022 pedum
669 981 784 1022 spatia
803 981 972 1023 facienda
996 981 1174 1020 censueris,
1201 986 1328 1013 totam
1346 986 1484 1022 partem
1506 980 1728 1023 lonyitudinis

185 1041 214 1067 et,
237 1034 433 1066 latitudinis
460 1035 558 1066 duces
583 1033 780 1065 conferunt.
827 1033 997 1065 accedant
1021 1033 1131 1074 igitur
1155 1033 1270 1065 C.I.L.
1291 1042 1359 1065 XIV
1383 1034 1466 1066 1135
1489 1033 1527 1065 ob
1550 1033 1728 1065 cessionem

183 1086 464 1126 donationemque
488 1084 696 1117 monumenti
718 1096 759 1116 ex
780 1090 881 1125 parte
908 1089 992 1116 tota
1019 1085 1061 1116 ab
1084 1085 1190 1116 Iunia
1214 1085 1365 1116 Antliide
1389 1089 1418 1116 et
1441 1085 1555 1117 Plotio
1577 1084 1725 1124 Herma,

187 1138 310 1180 digest.
339 1146 464 1169 XXVIII
491 1138 511 1169 5
541 1138 556 1168 1
589 1138 609 1168 5
640 1147 716 1168 cum
747 1136 891 1177 quidam
917 1135 1090 1176 portiones
1121 1135 1208 1168 inter
1238 1136 1374 1168 heredes
1404 1136 1625 1169 distribuisset
1657 1136 1730 1168 ita.-

188 1191 263 1222 ‘ille
295 1200 335 1221 εκ
362 1193 463 1230 parte
494 1193 594 1227 tota,
624 1188 680 1220 ille
711 1198 751 1219 ex
773 1188 875 1219 tota'
908 1198 964 1219 nec
995 1187 1170 1219 adiecisset
1206 1187 1319 1220 ‘lieres
1350 1188 1445 1220 esto'.
1507 1188 1730 1229 grammatici

186 1242 305 1274 Latini
332 1245 387 1272 sat
414 1240 536 1271 multis
561 1240 646 1271 locis
674 1239 786 1280 qualis
818 1238 908 1278 talis,
937 1245 1084 1280 quantus
1114 1243 1239 1278 tantus,
1268 1244 1387 1280 quotus
1417 1244 1536 1279 totus,
1565 1239 1659 1272 Keil.
1688 1248 1729 1270 1v

185 1304 219 1335 p.
243 1293 303 1325 133
327 1294 378 1330 17,
396 1302 429 1333 p.
447 1293 508 1323 501
531 1292 581 1329 16,
594 1300 619 1322 V
637 1301 671 1333 p.
688 1292 750 1323 201
768 1291 810 1323 33
829 1291 987 1330 (=Varr.
1005 1291 1026 1322 l.
1045 1291 1081 1322 L.
1098 1291 1184 1332 frag.
1205 1291 1265 1323 123
1282 1290 1335 1322 ed.
1356 1291 1476 1323 Goetz.
1495 1296 1532 1323 et
1548 1291 1730 1330 Schoell.)‚

186 1356 218 1386 p.
247 1345 310 1377 319
336 1344 388 1381 25,
409 1352 480 1374 VIII
507 1353 540 1384 p.
567 1343 628 1375 135
656 1343 709 1381 32,
731 1342 815 1374 Isid.
837 1342 922 1384 orig.
949 1351 962 1374 1
990 1344 1009 1374 8
1037 1344 1068 1379 5,
1091 1343 1152 1384 qui
1179 1342 1310 1374 ordinis
1332 1353 1521 1383 pronomen
1547 1342 1730 1385 appellant

186 1395 324 1428 G.L.K.
339 1404 362 1426 v
378 1405 411 1436 p.
433 1395 496 1426 204
515 1396 543 1433 l,
562 1403 635 1425 vm
651 1404 683 1435 p.
708 1395 767 1428 137
792 1395 832 1426 13
853 1404 918 1436 sq.‚
937 1404 1149 1435 quamquam
1166 1394 1277 1436 aliqui
1293 1404 1413 1426 eorum
1428 1404 1499 1426 non
1515 1394 1729 1436 intellegunt

185 1447 270 1489 quid
295 1446 416 1478 dicant
439 1456 551 1487 neque
576 1446 641 1476 hoc
665 1450 753 1477 totus
779 1456 799 1476 a
826 1450 893 1477 toto
920 1447 983 1485 ὅλῳ
1007 1444 1186 1476 diuersum
1210 1455 1305 1476 esse:
1334 1445 1417 1476 uide
1440 1445 1543 1477 modo
1559 1454 1599 1477 1v
1613 1456 1648 1488 p.
1668 1446 1731 1478 136

189 1500 228 1530 12
244 1509 332 1540 sqq.‚
347 1507 372 1529 v
389 1508 423 1539 p.
444 1498 486 1529 50
502 1498 541 1529 31
561 1507 650 1538 sqq.‚
669 1507 703 1538 p.
719 1497 785 1528 204
800 1497 842 1528 23
859 1507 933 1538 sqq.
982 1500 1077 1528 recte
1095 1507 1135 1528 ea
1154 1507 1225 1528 uox
1241 1496 1440 1538 explicatur
1455 1506 1485 1529 11
1505 1508 1539 1539 p.
1559 1498 1624 1532 575
1640 1498 1660 1530 8
1675 1508 1727 1539 sq.

187 1556 307 1592 quotu-s
330 1549 448 1582 uenit?
474 1550 561 1580 ἀλλὰ
585 1550 733 1587 mim-063
758 1553 881 1587 totuS,
901 1557 925 1579 v
949 1558 982 1589 p.
1006 1548 1071 1580 204
1095 1549 1135 1580 18
1159 1559 1232 1590 sqq.
1258 1548 1478 1589 interroyasti
1503 1559 1555 1581 me
1581 1553 1618 1581 ut
1640 1554 1729 1590 puta

190 1605 353 1644 ‘quartus
381 1606 426 1633 est
449 1601 505 1632 ille
529 1600 684 1639 homo?',
710 1600 787 1632 nolo
812 1599 873 1631 tibi
895 1599 1005 1631 dicere
1032 1602 1197 1640 ‘quartus
1220 1599 1284 1631 est'
1312 1600 1370 1631 sed
1396 1600 1471 1632 dico
1500 1602 1625 1632 ‘totus
1651 1601 1728 1640 est',

187 1654 225 1686 id
248 1659 292 1686 est
316 1664 351 1685 eo
375 1652 492 1685 ordine
512 1662 578 1693 quo
599 1656 636 1683 tu
656 1651 788 1691 dixisti,
808 1651 971 1683 similiter
987 1660 1058 1683 VI11
1082 1661 1115 1693 p.
1136 1652 1236 1683 ccxiv
1251 1652 1294 1684 20
1314 1662 1364 1693 sq.
1413 1662 1476 1684 nec
1492 1654 1610 1684 tamen
1626 1652 1732 1684 multi

187 1706 375 1747 scriptores
397 1715 437 1736 ea
457 1704 512 1735 usi
536 1706 630 1742 sunt,
651 1706 688 1735 et
711 1703 848 1735 Plinius
870 1714 914 1735 ne
938 1708 1008 1735 tota
1031 1703 1067 1734 in
1086 1707 1188 1743 parte
1211 1703 1344 1735 diceret
1366 1704 1440 1735 n.h.
1460 1712 1490 1735 11
1513 1705 1553 1736 81
1577 1704 1672 1736 hunc
1694 1706 1731 1736 in

186 1758 328 1789 modum
355 1756 450 1798 loqui
478 1755 616 1794 maluit,
643 1755 691 1786 bis
715 1756 920 1796 permutatis
945 1754 1080 1796 spatiis,
1106 1754 1142 1786 in
1168 1759 1307 1786 auctum
1331 1754 1401 1787 diei
1427 1755 1558 1794 bruma,
1585 1760 1731 1788 octaua

189 1809 228 1840 in
253 1813 372 1849 parte
400 1806 615 1847 Capricorni,
633 1806 740 1838 noctis
763 1817 843 1838 uero
866 1806 1018 1843 solstitio,
1044 1806 1209 1838 totidem
1235 1806 1276 1837 in
1297 1806 1490 1847 partibus
1517 1806 1644 1839 Cancri

232 1863 342 1898 quota
364 1862 519 1891 demitur
538 1858 669 1899 Fayus,
689 1861 781 1897 quod
804 1861 983 1890 ademitur
1005 1861 1074 1896 LM,
1095 1861 1204 1896 quota
1227 1861 1338 1890 demit
1359 1857 1406 1895 L2‚
1424 1861 1511 1896 quot
1533 1861 1667 1892 ademit
1690 1862 1728 1896 G,

187 1915 280 1950 quod
296 1914 430 1943 ademit
445 1910 519 1942 eod.
533 1910 693 1942 Venetus
781 1919 893 1948 usque
917 1910 1077 1949 Iacobus,
1096 1913 1206 1948 utque
1229 1913 1298 1949 LM,
1317 1913 1467 1949 uterque
1490 1910 1562 1943 (ΗΡ.
1611 1922 1727 1953 usque,

187 1963 376 2005 quotannis
462 1961 527 1992 422
542 1963 686 1999 perag-it
702 1960 866 2003 Scaliger,
885 1964 1038 1999 peragat
1058 1961 1115 1993 uel
1136 1970 1200 1999 per
1215 1964 1302 1998 agat
1318 1961 1409 1993 libri.
1459 1972 1528 1993 non
1545 1962 1609 1994 hoc
1625 1973 1730 1995 uersu

186 2015 298 2056 magis
328 2024 433 2055 quam
463 2014 526 2044 385
557 2012 777 2054 intellegitur
807 2023 869 2044 cur
900 2016 1004 2054 poeta
1036 2023 1056 2043 a
1087 2023 1149 2044 sua
1181 2017 1446 2054 ceterorumque
1477 2013 1730 2046 consuetudine

187 2066 294 2098 semel
319 2065 509 2097 desciuerit
617 2063 681 2094 423
707 2066 826 2096 ducito
853 2067 888 2103 G,
916 2066 1015 2096 ducit
1040 2066 1107 2095 ΒΜ.
1157 2062 1271 2095 ducito
1295 2063 1486 2105 dupliciter
1510 2065 1728 2107 uituperant,

188 2118 317 2159 partim
344 2116 387 2148 ob
415 2114 706 2157 significationem
738 2115 848 2154 uerbi,
879 2115 1011 2157 partim
1038 2114 1083 2146 ob
1110 2114 1383 2156 synaloepham;
1419 2115 1513 2157 quod
1540 2118 1730 2159 utrumque

186 2169 317 2200 crimen
344 2167 447 2199 facile
471 2167 632 2198 diluitur.
686 2177 767 2198 nam
790 2166 884 2208 quod
908 2166 1063 2208 Scaliger
1086 2166 1139 2198 ed.
1169 2166 1189 2198 2
1212 2166 1332 2198 ducere
1356 2177 1419 2207 pro
1442 2167 1597 2199 diuidere
1619 2169 1732 2211 accipi

188 2231 287 2262 posse
303 2223 491 2262 propterea
512 2221 618 2259 negat
637 2219 720 2259 quia
742 2228 806 2259 pro
830 2217 1060 2259 multiplicare
1082 2217 1151 2249 dici
1173 2217 1295 2256 soleat,
1315 2217 1428 2259 ipsum
1445 2229 1508 2260 per
1523 2229 1560 2251 se
1575 2220 1730 2261 positum

188 2275 353 2304 neutrum
384 2270 553 2307 declarat,
581 2269 643 2300 sed
673 2269 855 2301 subducere
882 2270 957 2301 siue
988 2273 1194 2310 computare,
1221 2273 1261 2300 ut
1289 2269 1399 2301 Lucil.
1427 2278 1521 2302 XXIX
1551 2281 1606 2313 ap.
1634 2271 1726 2305 Non.

187 2335 220 2366 p.
241 2325 305 2356 283
327 2333 388 2363 aye
411 2332 498 2353 nunc
521 2331 692 2352 summam
714 2325 869 2361 sumptus
893 2321 983 2360 duc,
1010 2321 1067 2352 uel
1090 2330 1281 2358 numerare,
1301 2326 1343 2352 ut
1366 2320 1462 2353 Man.
1482 2330 1528 2353 111
1551 2323 1624 2361 189,
1643 2324 1730 2363 298;

190 2375 520 2417 multiplicationem
551 2382 621 2403 non
653 2372 829 2413 significat
859 2372 927 2404 nisi
959 2372 1146 2404 accedente
1173 2371 1351 2410 aduerbio,
1381 2376 1422 2404 ut
1448 2372 1581 2405 Colum.
1609 2383 1634 2406 v
1663 2376 1684 2406 2
1710 2376 1731 2408 9

176 2427 224 2468 fil
249 2432 427 2466 utrumque
448 2425 551 2465 pedes
567 2431 644 2455 xx:
672 2424 731 2455 hoc
758 2424 857 2456 duco
885 2429 1046 2465 quater,
1066 2423 1161 2464 fiunt
1189 2431 1308 2455 LXXX.
1357 2435 1470 2465 neque
1493 2435 1556 2466 ego
1582 2425 1730 2468 simplex

189 2477 339 2510 ducendi
355 2477 500 2509 uerbum
517 2487 581 2518 pro
603 2487 644 2508 eo
665 2476 759 2517 quod
781 2478 836 2507 est
859 2475 1019 2507 diducere
1041 2476 1124 2517 poni
1147 2485 1246 2516 posse
1271 2475 1468 2514 contend03
1491 2476 1552 2508 sed
1576 2478 1670 2518 quod
1694 2478 1730 2510 in

190 2541 248 2562 sex
280 2533 398 2571 partes
436 2528 591 2567 ducitur,
618 2527 654 2560 id
682 2527 877 2559 necessario
908 2526 1090 2558 diducitur
1121 2537 1159 2558 ac
1190 2527 1376 2566 diuiditur,
1402 2538 1514 2569 neque
1543 2529 1730 2571 quicquam

191 2581 339 2622 impedit
365 2579 551 2622 quominus
580 2579 674 2621 quod
698 2578 879 2610 diducitur
901 2578 983 2610 duci
1008 2578 1158 2618 dicatur,
1178 2579 1270 2610 sicut
1296 2589 1417 2621 reapse
1440 2578 1592 2612 ducitur.
1640 2591 1729 2623 nego

189 2633 297 2674 igitur
328 2632 456 2663 iustam
488 2641 627 2662 causam
659 2630 767 2662 fuisse
797 2641 859 2662 cur
889 2633 952 2662 aut
983 2629 1136 2671 Scaliger
1167 2630 1277 2662 didito
1307 2633 1370 2662 aut
1401 2630 1548 2663 Iacobus
1578 2631 1729 2664 diducito

189 2685 374 2715 coniceret.
424 2682 484 2714 sed
509 2683 684 2714 Lucianus
701 2682 893 2714 Muellerus
914 2681 957 2714 de
979 2692 1094 2723 r.m.p.
1115 2682 1176 2713 221
1205 2682 1280 2721 (255
1303 2683 1356 2714 ed.
1376 2682 1410 2722 2)
1435 2682 1640 2715 incredibile
1655 2694 1729 2716 esse

193 2736 244 2767 ait
269 2734 381 2766 ducito
407 2737 568 2775 correpta
593 2733 720 2764 ultima
742 2744 763 2764 a
786 2732 934 2764 Manilio
957 2743 1032 2764 esse
1054 2732 1275 2771 adhibitum3
1299 2733 1394 2775 quod
1417 2736 1458 2765 ut
1480 2733 1516 2764 in
1539 2744 1579 2765 eo
1602 2734 1730 2767 mirum

191 2786 335 2819 uidetur
361 2785 421 2826 qui
448 2785 551 2826 Prop.
573 2793 611 2815 1v
635 2786 655 2816 5
681 2785 720 2818 77
747 2784 881 2816 caedito
902 2795 922 2815 a
948 2783 1126 2816 codicibus
1153 2785 1340 2826 acceperit,
1362 2784 1464 2817 Ouid.
1485 2795 1590 2817 amor.
1612 2794 1642 2817 11
1664 2787 1684 2819 6
1708 2788 1729 2819 9

190 2837 356 2871 deuertito‘
369 2836 551 2878 scripserit
566 2838 688 2867 contra
704 2835 850 2874 codices,
872 2836 923 2866 ita
939 2838 1036 2867 caret
1052 2835 1198 2867 ratione.
1247 2846 1328 2867 nam
1345 2846 1423 2867 cum
1440 2836 1728 2878 imperatiuorum

187 2889 302 2922 ducito
327 2892 364 2920 et
387 2893 453 2920 esto
477 2887 622 2919 ultimae
647 2886 804 2928 syllabae
828 2886 1025 2928 antiquitus
1049 2897 1158 2928 aeque
1182 2887 1305 2929 longae
1328 2887 1490 2927 fuissent,
1509 2898 1551 2919 ex
1575 2889 1729 2931 spondeo
