1877 3146
148 132 203 170 58
745 130 806 172 M.
839 129 1091 171 MANILII

327 247 531 297 quattuor
550 247 595 284 et
613 256 776 284 menses
795 241 932 285 uitam
950 242 1157 297 producet
1176 242 1219 284 in
1239 248 1350 285 octo.

326 316 516 358 Piscibus
536 321 600 358 est
619 315 738 357 Aries
758 321 801 358 et
819 321 933 358 sorte
953 322 996 358 et
1014 316 1169 358 finibus
1189 317 1364 359 haerens
1385 331 1393 359 :

202 398 270 430 580
325 390 459 433 lustra
477 390 624 432 decem
641 390 833 432 tribuent
851 390 950 432 solis
970 405 1068 432 cum
1087 391 1302 433 mensibus
1323 396 1431 434 octo.

379 479 456 506 nec
474 464 578 506 satis
598 470 663 507 est
681 478 815 506 annos
834 464 1050 520 signorum
1068 479 1239 507 noscere
1258 470 1408 516 certos,

325 553 378 581 ne
396 538 531 581 lateat
549 538 659 581 ratio
678 538 807 581 finem
827 539 1130 594 quaerentibus
1150 539 1244 581 aeui
1264 555 1272 581 z

324 613 485 668 templa
506 627 675 668 quoque
695 618 738 654 et
757 618 899 668 partes
919 613 1023 655 caeli
1042 627 1119 654 sua
1139 627 1315 655 munera
1333 618 1491 656 norunt

326 693 369 729 et
388 687 579 743 proprias
598 687 797 729 tribuunt
816 692 931 729 certo
951 687 1191 729 discrimine
1209 702 1410 739 summas,

200 769 270 801 585
325 775 423 803 cum
442 761 550 803 bene
570 761 810 803 constiterit
829 761 1048 803 stellarum
1067 761 1263 804 conditus
1282 761 1396 804 ordo.

323 836 398 877 sed
418 835 521 877 mihi
539 836 798 891 templorum
815 841 990 878 tantum
1008 850 1121 878 nunc
1140 835 1234 878 iura
1253 841 1484 887 canentum

324 925 425 951 mox
443 909 588 952 ueniet
606 910 792 952 mixtura
812 910 898 952 suis
917 924 1015 952 cum
1033 909 1196 952 uiribus
1217 910 1366 961 omnis,

323 998 421 1027 cum
440 984 548 1026 bene
567 985 765 1026 materies
784 984 952 1027 steterit
971 985 1216 1040 percognita
1235 999 1375 1026 rerum

143 1111 312 1149 contrius,
340 1113 543 1149 triplicauit
568 1110 651 1142 libri
740 1110 803 1142 578
834 1113 1006 1149 producet
1036 1110 1230 1150 Bentleius,
1263 1112 1427 1149 producit
1452 1109 1535 1142 libri
1622 1108 1686 1142 579

143 1163 270 1201 Pisces,
288 1165 330 1194 ut
346 1161 514 1194 confinem
537 1161 670 1194 habent
690 1162 862 1201 Arietem,
880 1162 932 1194 ita
953 1165 1048 1194 sorte
1069 1173 1239 1194 annorum
1260 1162 1415 1203 praediti
1436 1165 1520 1194 sunt
1540 1161 1686 1200 eadem3

141 1214 234 1256 quod
246 1214 446 1256 insequenti
456 1224 559 1246 uersu
570 1213 768 1255 explicatur
855 1213 919 1244 580
927 1216 1087 1246 tribuent
1098 1214 1226 1256 Fayus,
1237 1216 1373 1246 tribuet
1382 1213 1464 1245 libri
1552 1216 1637 1246 solla
1647 1216 1684 1252 G,

142 1269 233 1298 soles
242 1268 311 1297 ΒΜ.
346 1266 456 1297 lustra
467 1265 546 1297 solis
556 1268 650 1297 recte
660 1265 777 1306 Fayus
789 1276 898 1296 annos
911 1266 1167 1307 interpretatus
1180 1268 1244 1297 est.
1285 1265 1380 1304 uide,
1392 1267 1533 1307 praeter
1545 1275 1585 1296 ea
1597 1275 1687 1307 quae

141 1317 186 1350 ad
208 1318 268 1350 321
288 1320 325 1349 et
340 1318 404 1352 547
426 1321 463 1349 et
483 1317 547 1349 595
569 1316 750 1356 adnotaui,
776 1316 854 1349 Seu.
874 1317 940 1358 Ag.
961 1317 1004 1348 42
1019 1322 1098 1357 post
1119 1317 1252 1349 decima
1274 1316 1401 1349 Phoebi
1421 1317 1532 1349 lustra
1554 1315 1686 1349 deuicto

141 1369 220 1408 nio,
234 1369 270 1401 id
286 1372 340 1401 est
356 1372 436 1411 post
452 1368 627 1400 decimum
640 1379 782 1407 annum,
798 1368 859 1400 ubi
871 1379 953 1410 pars
969 1369 1127 1400 codicum
1145 1369 1234 1401 dena
1322 1367 1471 1400 581-617
1484 1371 1571 1410 quot
1583 1379 1685 1410 quae-

141 1431 208 1463 que
229 1420 455 1462 dodecatropi
473 1420 606 1462 templa
621 1430 730 1452 annos
746 1420 842 1451 uitae
859 1420 1031 1452 tribuant.
1081 1431 1231 1462 quarum
1252 1431 1467 1452 summarum
1487 1431 1577 1462 quae
1593 1420 1686 1452 ratio

141 1475 244 1511 esset,
263 1472 398 1504 scilicet
418 1474 460 1503 ut
480 1472 617 1503 numeri
639 1482 659 1503 a
680 1480 827 1504 LXXVIII
849 1472 894 1503 ad
916 1480 972 1503 ΧΠ
994 1472 1237 1504 decrescerent
1253 1482 1478 1504 numerorum
1493 1471 1538 1504 ab
1553 1480 1568 1503 1
1583 1471 1629 1504 ad
1644 1480 1686 1504 xl

140 1524 371 1555 crescentium
395 1523 625 1562 detractione,
650 1524 833 1565 perspexit
856 1523 1036 1556 Garrodus
1060 1524 1096 1555 in
1119 1523 1287 1556 Classical
1311 1523 1502 1565 Quarterly
1524 1534 1579 1556 an.
1602 1524 1685 1557 1908

139 1585 173 1617 p.
199 1577 271 1614 181,
293 1575 397 1607 ualde
421 1574 593 1606 laudabili
618 1575 788 1613 acumine,
815 1575 918 1607 modo
942 1585 986 1607 ne
1012 1575 1147 1616 duplici
1171 1576 1370 1607 mutatione
1393 1575 1553 1607 uersibus
1576 1575 1685 1608 fill-5

139 1627 269 1659 inferre
285 1626 480 1659 studuisset
496 1626 590 1668 quod
606 1626 656 1658 eis
673 1627 742 1658 iam
755 1626 880 1658 inerat.
930 1626 1004 1668 ipse
1020 1626 1063 1658 de
1079 1637 1120 1658 ea
1135 1637 1172 1658 re
1188 1626 1272 1658 ibid.
1289 1637 1345 1668 pp.
1364 1627 1471 1659 313-5
1486 1629 1523 1659 et
1538 1637 1631 1658 nunc
1647 1627 1685 1659 in

138 1679 357 1720 praefatione
384 1678 566 1720 disputaui
653 1677 716 1709 582
742 1678 847 1710 lateat
873 1678 1111 1719 quaerentibus
1135 1681 1176 1710 ut
1203 1687 1233 1710 11
1260 1679 1324 1712 373
1351 1677 1463 1710 uicino
1489 1679 1596 1711 latent

183 1730 245 1761 583
261 1735 291 1762 et
302 1735 423 1772 partes
438 1729 523 1762 caeli
538 1728 768 1771 amplificatio
789 1732 855 1768 est,
874 1729 938 1761 has
957 1730 1049 1761 enim
1069 1740 1089 1761 a
1110 1729 1252 1772 templis
1269 1740 1338 1761 non
1357 1729 1498 1761 differre
1514 1728 1618 1762 docui
1635 1729 1683 1762 ad

138 1790 167 1813 11
195 1783 258 1814 856
347 1781 408 1812 585
436 1792 515 1813 cum
538 1781 702 1823 planetae
721 1781 809 1813 bene
832 1784 869 1813 et
893 1785 1091 1823 opportune
1112 1781 1274 1813 collocati
1301 1787 1426 1813 erunt:
1455 1780 1639 1814 constiterit
1662 1792 1683 1813 a

139 1833 372 1872 consistendo,
397 1836 440 1865 ut
464 1834 588 1864 statim
612 1833 678 1865 590
701 1832 731 1864 si
755 1832 832 1864 bene
858 1832 1041 1864 constiterit
1058 1857 1066 1864 .
1088 1857 1095 1864 .
1117 1857 1124 1864 .
1145 1833 1240 1873 luna,
1260 1841 1289 1864 11
1314 1833 1377 1867 726
1401 1843 1451 1874 sq.
1471 1843 1683 1874 quacumque

138 1885 176 1916 in
196 1884 320 1926 parti.
341 1909 348 1917 .
370 1909 378 1917 .
398 1886 482 1917 luna
504 1884 508 1925 Ι
527 1883 734 1923 constiterit;
759 1895 779 1916 a
806 1884 1000 1916 constando
1025 1893 1071 1916 111
1100 1885 1161 1919 178
1186 1895 1236 1926 sq.
1264 1895 1340 1916 cnm
1364 1884 1425 1916 tibi
1438 1884 1562 1925 forma
1583 1884 1588 1926 Ι
1607 1895 1681 1917 con-

138 1936 259 1968 stiterit
276 1936 371 1975 caeli,
391 1936 493 1968 stellis
509 1937 557 1968 ad
573 1937 672 1977 sigma
687 1936 817 1974 locatis,
836 1937 878 1968 46
897 1936 927 1968 si
946 1936 1024 1968 bene
1043 1936 1228 1968 constiterit
1249 1935 1411 1977 uz'yilanti
1425 1936 1564 1968 condita
1583 1946 1683 1968 sensu

139 1990 207 2026 (res
237 1989 399 2027 summa),
426 1988 491 2020 295
518 1988 599 2019 haec
624 1987 681 2019 ubi
707 1987 915 2020 constiterint
942 1987 1104 2028 uiyilanti
1130 1987 1265 2020 condita
1292 1992 1409 2027 mente,
1437 1987 1474 2019 id
1504 1990 1559 2019 est
1588 1993 1681 2020 certa

137 2039 261 2072 notitia
276 2039 436 2078 steterint,
457 2043 498 2071 ut
513 2039 565 2071 ait
581 2048 610 2070 11
628 2039 691 2073 770
707 2049 756 2081 sq.
848 2039 971 2070 eadem
992 2039 1169 2071 sententia
1190 2048 1235 2070 111
1257 2039 1318 2070 155
1338 2038 1368 2070 si
1387 2038 1465 2070 bene
1486 2039 1681 2072 conuenient

137 2091 252 2123 stellae
271 2101 337 2131 per
358 2090 458 2131 siyna
480 2095 659 2131 sequentes,
680 2089 857 2121 contraria
883 2090 944 2122 128
966 2089 997 2121 si
1018 2090 1107 2122 male
1130 2088 1339 2122 subscribunt
1362 2089 1475 2122 stellae
1493 2100 1558 2131 per
1580 2090 1681 2131 siyna

137 2143 267 2175 locatae
355 2141 509 2174 conditus
525 2142 620 2180 ordo,
641 2142 702 2174 168
719 2140 779 2182 qui
794 2141 949 2173 conditus
970 2141 1053 2173 ordo
1074 2146 1120 2173 est
1139 2141 1356 2180 (annorum),
1376 2141 1472 2173 Sext.
1491 2152 1582 2183 emp.
1596 2143 1681 2183 πρὸσ

137 2196 228 2235 ἀστρ.
243 2194 286 2226 53
299 2194 315 2225 ὁ
326 2194 600 2233 συσχηματισμὸσ
612 2194 675 2224 τῶν
692 2194 800 2224 ἄλλων
817 2193 972 2234 ἀστέρων,
987 2194 1064 2232 ὅπερ
1081 2193 1215 2231 διάθεμα,
1232 2195 1365 2224 καλοῦσι
1453 2192 1496 2225 de
1512 2193 1677 2233 tribuunt,

137 2256 212 2278 cum
228 2245 411 2278 constiterit
429 2245 510 2277 uide
527 2244 571 2276 acl
588 2253 601 2276 1
618 2245 681 2277 469
769 2244 832 2275 586
854 2247 1069 2282 templorum
1085 2248 1228 2276 tantum
1242 2253 1334 2276 nunc
1351 2247 1411 2283 GL,
1428 2253 1521 2277 nunc
1535 2248 1679 2278 tantum

135 2300 349 2335 templorum
371 2300 405 2328 M
493 2295 556 2328 587
579 2295 733 2328 mixtura
756 2296 939 2327 stellarum
959 2307 1037 2327 cum
1060 2295 1168 2337 signis
1190 2295 1413 2338 templisque.
1461 2295 1557 2329 Sext.
1584 2307 1674 2339 emp.

136 2349 220 2388 πρὸσ
236 2350 327 2388 ἀστρ.
347 2349 386 2380 41
405 2358 455 2389 sq.
475 2349 516 2379 τὰ
531 2348 589 2385 μὲν
606 2347 810 2386 ἁπλούστερα,
833 2349 1036 2385 καθειστήκει
1051 2348 1092 2378 τὰ
1110 2348 1143 2378 δὲ
1160 2348 1384 2388 ἀκριβέστερα·
1401 2349 1455 2379 καὶ
1473 2348 1678 2389 ἁπλούστερα.

135 2401 193 2437 μὲν
209 2401 250 2430 τὰ.
266 2401 348 2431 κατὰ
369 2398 480 2439 ζῴδιον
504 2401 524 2438 ἢ
548 2399 655 2437 ἁπλῆν
677 2400 815 2439 ἀστέροσ
838 2400 968 2437 δύναμιν
987 2400 1149 2438 γινόμενα,
1174 2400 1237 2430 οἷον
1258 2400 1306 2430 ὅτι
1326 2400 1378 2431 ὅδε
1395 2399 1411 2430 ὀ
1427 2400 1529 2440 ἀστὴρ
1545 2402 1578 2432 ἐν
1594 2399 1677 2440 τῷδε

136 2450 181 2490 τῷ
205 2452 303 2490 ζῳδίῳ
318 2452 493 2490 γενόμενοσ
514 2452 678 2482 τοιούτουσ
695 2451 790 2481 ποιεῖ·
808 2451 1018 2491 ἀκριβέστερα
1038 2451 1072 2482 δὲ
1090 2451 1131 2481 τὰ
1153 2451 1234 2481 κατὰ
1253 2452 1430 2491 συνδρομὴν
1446 2453 1499 2482 καὶ
1520 2452 1567 2482 ὡσ
1586 2453 1678 2483 αὐτοὶ

135 2504 267 2542 λέγουσι
282 2504 324 2534 τὰ
340 2504 421 2534 κατὰ
438 2504 652 2543 σύγκρασιν
670 2503 837 2540 πλειόνων,
857 2503 932 2541 οἷον,
952 2503 1006 2533 ἐὰν
1028 2503 1080 2533 ὅδε
1100 2503 1160 2540 μὲν
1180 2501 1347 2542 ὡροσκοπῇ
1369 2503 1422 2534 ὅδε
1443 2503 1478 2534 δὲ
1496 2501 1678 2544 μεσουρανῇ

137 2555 189 2585 ὅδε
207 2555 241 2585 δὲ
257 2553 507 2595 ἀντιμεσουρανῇ
524 2556 551 2585 οἱ
570 2555 604 2585 δὲ
620 2555 714 2585 ἄλλοι
732 2555 834 2585 οὕτωσ
851 2555 962 2593 ἔχωσι,
981 2554 1181 2595 συμβήσεται
1196 2555 1285 2592 τάδε,
1304 2553 1464 2586 Maneth.
1478 2562 1508 2586 11
1523 2555 1672 2588 399-401

135 2606 236 2646 αὐτὰρ
251 2606 404 2644 ἀληθείην
421 2607 529 2636 πᾶσαν
546 2606 680 2645 βροτέου
694 2606 813 2645 βιότοιο
832 2605 836 2645 Ι
858 2607 1078 2646 σύγκρασισ
1095 2604 1221 2646 διέκριν’
1235 2606 1456 2646 ἐπιμαρτυρίαι
1467 2617 1503 2636 τε
1516 2604 1672 2648 φαεινῶνΙ

135 2657 260 2697 ἄστρων
277 2658 436 2694 ἀλλήλοισ
452 2657 572 2696 χώροισ
590 2656 618 2686 θ’
635 2657 715 2696 ὑπὲρ
732 2658 772 2687 ὧν
792 2657 963 2696 γεγάασιν,
988 2664 1033 2687 111
1053 2655 1162 2690 227—9
1183 2657 1242 2695 ἤδη
1264 2658 1317 2687 καὶ
1339 2658 1554 2697 σύγκρασιν
1577 2658 1674 2689 ἀείσω

132 2708 310 2748 μαρτυρὶασ
326 2719 360 2738 τε
380 2707 385 2748 Ι
405 2707 454 2745 ἠδ’
472 2707 520 2738 ὄσ’
536 2708 797 2738 ἐπαντέλλοντεσ
813 2706 832 2745 ἢ
848 2708 1015 2745 ἁλλήλουσ
1036 2707 1192 2747 ὁρόωντεσ
1210 2706 1215 2748 Ι
1237 2707 1375 2748 ἀστέρεσ
1391 2708 1545 2748 ἔρδουσιν·
1558 2709 1598 2739 τὰ
1608 2709 1674 2749 γὰρ

133 2761 280 2800 ἀτρεκίην
304 2759 392 2796 μάλα
417 2759 534 2797 φαίνει,
559 2758 665 2790 Firm.
682 2767 702 2790 v
720 2758 740 2793 7
759 2760 780 2790 4
798 2757 914 2790 omnia
929 2758 967 2790 in
981 2758 1146 2799 yenituris
1167 2758 1340 2790 hominum
1355 2759 1504 2791 locorum
1514 2760 1673 2800 parcium

133 2812 307 2851 siqnorum
322 2810 562 2850 stellarumque
584 2811 767 2841 mixtura
790 2809 957 2850 conponit,
978 2809 1072 2841 Man.
1090 2818 1119 2841 11
1142 2810 1205 2844 749
1226 2809 1377 2851 undique
1399 2810 1603 2842 miscenda
1625 2818 1672 2843 est

132 2861 224 2894 ratio
311 2860 373 2891 588
411 2862 619 2899 percognita
656 2860 730 2893 cod.
766 2860 854 2901 Pa1.,
887 2869 951 2899 per
987 2862 1130 2900 cog-nita
1168 2863 1263 2900 (ΗΜ,
1295 2869 1382 2899 prae
1416 2863 1560 2900 cognita
1592 2862 1667 2895 eod.
