<?xml version="1.0" encoding="UTF-8"?>
<!DOCTYPE html PUBLIC "-//W3C//DTD XHTML 1.0 Transitional//EN"
    "http://www.w3.org/TR/xhtml1/DTD/xhtml1-transitional.dtd">
<html xmlns="http://www.w3.org/1999/xhtml" xml:lang="en" lang="en">
 <head>
  <title>
</title>
<meta http-equiv="Content-Type" content="text/html;charset=utf-8" />
  <meta name='ocr-system' content='tesseract 3.04.00' />
  <meta name='ocr-capabilities' content='ocr_page ocr_carea ocr_par ocr_line ocrx_word'/>
</head>
<body>
  <div class='ocr_page' id='page_1' title='image "astronomiconrece03maniuoft_0043.png"; bbox 0 0 1877 3146; ppageno 0'>
   <div class='ocr_carea' id='block_1_1' title="bbox 653 135 1732 179">
    <p class='ocr_par' dir='ltr' id='par_1_1' title="bbox 653 135 1732 179">
     <span class='ocr_line' id='line_1_1' title="bbox 653 135 1732 179; baseline 0 -1"><span class='ocrx_word' id='word_1_1' title='bbox 653 135 1139 179; x_wconf 83' lang='lat' dir='ltr'>ASTRONOMICON</span> <span class='ocrx_word' id='word_1_2' title='bbox 1181 136 1255 178; x_wconf 88' lang='lat' dir='ltr'><em>III</em></span> <span class='ocrx_word' id='word_1_3' title='bbox 1702 139 1732 178; x_wconf 86' lang='grc'>9</span> 
     </span>
    </p>
   </div>
   <div class='ocr_carea' id='block_1_2' title="bbox 245 248 1576 1121">
    <p class='ocr_par' dir='ltr' id='par_1_2' title="bbox 364 248 1500 452">
     <span class='ocr_line' id='line_1_2' title="bbox 364 248 1391 304; baseline -0.002 -13"><span class='ocrx_word' id='word_1_4' title='bbox 364 254 557 291; x_wconf 87' lang='lat' dir='ltr'><em>censetur</em></span> <span class='ocrx_word' id='word_1_5' title='bbox 575 249 716 299; x_wconf 90' lang='lat' dir='ltr'><em>titulo,</em></span> <span class='ocrx_word' id='word_1_6' title='bbox 740 249 840 304; x_wconf 83' lang='lat' dir='ltr'><em>quia</em></span> <span class='ocrx_word' id='word_1_7' title='bbox 860 249 1052 304; x_wconf 86' lang='lat' dir='ltr'><em>proxima</em></span> <span class='ocrx_word' id='word_1_8' title='bbox 1073 248 1262 290; x_wconf 80' lang='lat' dir='ltr'><em>continet</em></span> <span class='ocrx_word' id='word_1_9' title='bbox 1285 248 1327 289; x_wconf 87' lang='lat' dir='ltr'><em>in</em></span> <span class='ocrx_word' id='word_1_10' title='bbox 1347 263 1391 289; x_wconf 91' lang='lat' dir='ltr'><em>se</em></span> 
     </span>
     <span class='ocr_line' id='line_1_3' title="bbox 365 322 1500 378; baseline 0 -14"><span class='ocrx_word' id='word_1_11' title='bbox 365 323 645 364; x_wconf 84' lang='lat' dir='ltr'><em>fundamenta</em></span> <span class='ocrx_word' id='word_1_12' title='bbox 665 323 816 364; x_wconf 88' lang='lat' dir='ltr'><em>domus</em></span> <span class='ocrx_word' id='word_1_13' title='bbox 836 322 1065 378; x_wconf 85' lang='lat' dir='ltr'><em>domuique</em></span> <span class='ocrx_word' id='word_1_14' title='bbox 1085 323 1301 364; x_wconf 85' lang='lat' dir='ltr'><em>haerentia</em></span> <span class='ocrx_word' id='word_1_15' title='bbox 1322 328 1475 364; x_wconf 84' lang='lat' dir='ltr'><em>cuncta</em></span> <span class='ocrx_word' id='word_1_16' title='bbox 1493 338 1500 364; x_wconf 92' lang='lat'>:</span> 
     </span>
     <span class='ocr_line' id='line_1_4' title="bbox 367 397 1442 452; baseline 0 -14"><span class='ocrx_word' id='word_1_17' title='bbox 367 397 438 452; x_wconf 89' lang='lat' dir='ltr'><em>qui</em></span> <span class='ocrx_word' id='word_1_18' title='bbox 460 397 609 439; x_wconf 89' lang='lat' dir='ltr'><em>modus</em></span> <span class='ocrx_word' id='word_1_19' title='bbox 630 397 672 439; x_wconf 90' lang='lat' dir='ltr'><em>in</em></span> <span class='ocrx_word' id='word_1_20' title='bbox 692 398 835 447; x_wconf 86' lang='lat' dir='ltr'><em>seruis,</em></span> <span class='ocrx_word' id='word_1_21' title='bbox 859 397 931 452; x_wconf 88' lang='lat' dir='ltr'><em>qui</em></span> <span class='ocrx_word' id='word_1_22' title='bbox 951 397 1006 438; x_wconf 87' lang='lat' dir='ltr'><em>sit</em></span> <span class='ocrx_word' id='word_1_23' title='bbox 1027 412 1246 439; x_wconf 84' lang='lat' dir='ltr'><em>concessus</em></span> <span class='ocrx_word' id='word_1_24' title='bbox 1267 397 1310 438; x_wconf 88' lang='lat' dir='ltr'><em>in</em></span> <span class='ocrx_word' id='word_1_25' title='bbox 1331 397 1442 438; x_wconf 83' lang='lat' dir='ltr'><em>aruis</em></span> 
     </span>
    </p>

    <p class='ocr_par' dir='ltr' id='par_1_3' title="bbox 245 471 1576 823">
     <span class='ocr_line' id='line_1_5' title="bbox 245 471 1576 527; baseline 0.001 -16"><span class='ocrx_word' id='word_1_26' title='bbox 245 479 310 511; x_wconf 89' lang='grc'>100</span> <span class='ocrx_word' id='word_1_27' title='bbox 367 487 582 527; x_wconf 87' lang='lat' dir='ltr'><em>quamque</em></span> <span class='ocrx_word' id='word_1_28' title='bbox 601 471 753 513; x_wconf 88' lang='lat' dir='ltr'><em>datum</em></span> <span class='ocrx_word' id='word_1_29' title='bbox 773 486 948 527; x_wconf 82' lang='lat' dir='ltr'><em>magnas</em></span> <span class='ocrx_word' id='word_1_30' title='bbox 968 486 1144 526; x_wconf 83' lang='lat' dir='ltr'><em>operum</em></span> <span class='ocrx_word' id='word_1_31' title='bbox 1163 486 1413 526; x_wconf 87' lang='lat' dir='ltr'><em>componere</em></span> <span class='ocrx_word' id='word_1_32' title='bbox 1434 471 1576 521; x_wconf 87' lang='lat' dir='ltr'><em>moles,</em></span> 
     </span>
     <span class='ocr_line' id='line_1_6' title="bbox 365 545 1334 602; baseline -0.001 -15"><span class='ocrx_word' id='word_1_33' title='bbox 365 551 415 588; x_wconf 89' lang='lat' dir='ltr'><em>ut</em></span> <span class='ocrx_word' id='word_1_34' title='bbox 433 560 543 601; x_wconf 85' lang='lat' dir='ltr'><em>uaga</em></span> <span class='ocrx_word' id='word_1_35' title='bbox 563 546 764 602; x_wconf 85' lang='lat' dir='ltr'><em>fulgentis</em></span> <span class='ocrx_word' id='word_1_36' title='bbox 784 545 1043 587; x_wconf 70' lang='lat' dir='ltr'>concordant</span> <span class='ocrx_word' id='word_1_37' title='bbox 1062 545 1199 587; x_wconf 87' lang='lat' dir='ltr'><em>sidera</em></span> <span class='ocrx_word' id='word_1_38' title='bbox 1219 545 1334 587; x_wconf 86' lang='lat' dir='ltr'><em>caeli.</em></span> 
     </span>
     <span class='ocr_line' id='line_1_7' title="bbox 366 619 1553 675; baseline -0.001 -13"><span class='ocrx_word' id='word_1_39' title='bbox 366 625 463 675; x_wconf 85' lang='lat' dir='ltr'><em>post</em></span> <span class='ocrx_word' id='word_1_40' title='bbox 484 620 581 662; x_wconf 78' lang='lat' dir='ltr'><em>hinc</em></span> <span class='ocrx_word' id='word_1_41' title='bbox 601 621 777 662; x_wconf 89' lang='lat' dir='ltr'><em>militiae</em></span> <span class='ocrx_word' id='word_1_42' title='bbox 795 620 911 662; x_wconf 89' lang='lat' dir='ltr'><em>locus</em></span> <span class='ocrx_word' id='word_1_43' title='bbox 932 626 1008 670; x_wconf 68' lang='lat' dir='ltr'><em>esi,</em></span> <span class='ocrx_word' id='word_1_44' title='bbox 1032 635 1115 675; x_wconf 86' lang='lat' dir='ltr'><em>qua</em></span> <span class='ocrx_word' id='word_1_45' title='bbox 1137 619 1344 675; x_wconf 87' lang='lat' dir='ltr'><em>quidquid</em></span> <span class='ocrx_word' id='word_1_46' title='bbox 1364 620 1406 661; x_wconf 88' lang='lat' dir='ltr'><em>in</em></span> <span class='ocrx_word' id='word_1_47' title='bbox 1427 620 1553 661; x_wconf 82' lang='lat' dir='ltr'><em>armis</em></span> 
     </span>
     <span class='ocr_line' id='line_1_8' title="bbox 366 693 1386 750; baseline -0.001 -14"><span class='ocrx_word' id='word_1_48' title='bbox 366 694 566 749; x_wconf 88' lang='lat' dir='ltr'><em>quodque</em></span> <span class='ocrx_word' id='word_1_49' title='bbox 586 694 824 750; x_wconf 77' lang='lat' dir='ltr'><em>peregrinas</em></span> <span class='ocrx_word' id='word_1_50' title='bbox 844 694 954 735; x_wconf 84' lang='lat' dir='ltr'><em>inter</em></span> <span class='ocrx_word' id='word_1_51' title='bbox 973 694 1241 735; x_wconf 88' lang='lat' dir='ltr'><em>uersantibus</em></span> <span class='ocrx_word' id='word_1_52' title='bbox 1261 693 1386 735; x_wconf 86' lang='lat' dir='ltr'><em>urbes</em></span> 
     </span>
     <span class='ocr_line' id='line_1_9' title="bbox 364 768 1354 823; baseline 0 -13"><span class='ocrx_word' id='word_1_53' title='bbox 364 768 553 810; x_wconf 90' lang='lat' dir='ltr'><em>accidere</em></span> <span class='ocrx_word' id='word_1_54' title='bbox 573 768 770 810; x_wconf 88' lang='lat' dir='ltr'><em>adsueuit</em></span> <span class='ocrx_word' id='word_1_55' title='bbox 789 768 917 810; x_wconf 87' lang='lat' dir='ltr'><em>titulo</em></span> <span class='ocrx_word' id='word_1_56' title='bbox 937 768 1238 823; x_wconf 86' lang='lat' dir='ltr'><em>conprenditur</em></span> <span class='ocrx_word' id='word_1_57' title='bbox 1258 783 1354 810; x_wconf 88' lang='lat' dir='ltr'><em>uno.</em></span> 
     </span>
    </p>

    <p class='ocr_par' dir='ltr' id='par_1_4' title="bbox 247 842 1488 1121">
     <span class='ocr_line' id='line_1_10' title="bbox 247 842 1488 884; baseline 0.001 -2"><span class='ocrx_word' id='word_1_58' title='bbox 247 850 313 882; x_wconf 89' lang='lat'><em>105</em></span> <span class='ocrx_word' id='word_1_59' title='bbox 368 843 496 884; x_wconf 84' lang='lat' dir='ltr'><em>tertia</em></span> <span class='ocrx_word' id='word_1_60' title='bbox 517 842 572 884; x_wconf 87' lang='lat' dir='ltr'><em>ad</em></span> <span class='ocrx_word' id='word_1_61' title='bbox 592 842 778 884; x_wconf 89' lang='lat' dir='ltr'><em>urbanos</em></span> <span class='ocrx_word' id='word_1_62' title='bbox 797 843 928 884; x_wconf 85' lang='lat' dir='ltr'><em>statio</em></span> <span class='ocrx_word' id='word_1_63' title='bbox 949 848 1012 884; x_wconf 88' lang='lat' dir='ltr'><em>est</em></span> <span class='ocrx_word' id='word_1_64' title='bbox 1032 842 1294 884; x_wconf 81' lang='lat' dir='ltr'><em>numeranda</em></span> <span class='ocrx_word' id='word_1_65' title='bbox 1314 842 1488 884; x_wconf 86' lang='lat' dir='ltr'><em>labores.</em></span> 
     </span>
     <span class='ocr_line' id='line_1_11' title="bbox 369 916 1422 972; baseline -0.001 -14"><span class='ocrx_word' id='word_1_66' title='bbox 369 916 448 958; x_wconf 89' lang='lat' dir='ltr'><em>hoc</em></span> <span class='ocrx_word' id='word_1_67' title='bbox 470 931 640 972; x_wconf 87' lang='lat' dir='ltr'><em>quoque</em></span> <span class='ocrx_word' id='word_1_68' title='bbox 660 917 836 958; x_wconf 87' lang='lat' dir='ltr'><em>militiae</em></span> <span class='ocrx_word' id='word_1_69' title='bbox 855 931 985 972; x_wconf 82' lang='lat' dir='ltr'><em>genus</em></span> <span class='ocrx_word' id='word_1_70' title='bbox 1006 922 1082 966; x_wconf 85' lang='lat' dir='ltr'><em>est,</em></span> <span class='ocrx_word' id='word_1_71' title='bbox 1105 916 1297 958; x_wconf 87' lang='lat' dir='ltr'><em>ciuilibus</em></span> <span class='ocrx_word' id='word_1_72' title='bbox 1317 916 1422 957; x_wconf 81' lang='lat' dir='ltr'><em>actis</em></span> 
     </span>
     <span class='ocr_line' id='line_1_12' title="bbox 368 991 1390 1046; baseline -0.001 -14"><span class='ocrx_word' id='word_1_73' title='bbox 368 991 649 1046; x_wconf 88' lang='lat' dir='ltr'><em>conpositum,</em></span> <span class='ocrx_word' id='word_1_74' title='bbox 672 991 855 1046; x_wconf 85' lang='lat' dir='ltr'><em>fideique</em></span> <span class='ocrx_word' id='word_1_75' title='bbox 873 996 993 1032; x_wconf 87' lang='lat' dir='ltr'><em>tenet</em></span> <span class='ocrx_word' id='word_1_76' title='bbox 1014 991 1207 1046; x_wconf 85' lang='lat' dir='ltr'><em>parentia</em></span> <span class='ocrx_word' id='word_1_77' title='bbox 1227 991 1390 1040; x_wconf 85' lang='lat' dir='ltr'><em>uincla;</em></span> 
     </span>
     <span class='ocr_line' id='line_1_13' title="bbox 366 1065 1356 1121; baseline 0.001 -15"><span class='ocrx_word' id='word_1_78' title='bbox 366 1065 524 1107; x_wconf 85' lang='lat' dir='ltr'><em>format</em></span> <span class='ocrx_word' id='word_1_79' title='bbox 544 1065 753 1107; x_wconf 71' lang='lat' dir='ltr'>amicitias</span> <span class='ocrx_word' id='word_1_80' title='bbox 774 1070 816 1107; x_wconf 86' lang='lat' dir='ltr'><em>et</em></span> <span class='ocrx_word' id='word_1_81' title='bbox 835 1080 961 1121; x_wconf 81' lang='lat' dir='ltr'>saepe</span> <span class='ocrx_word' id='word_1_82' title='bbox 981 1065 1178 1107; x_wconf 86' lang='lat' dir='ltr'><em>cadentia</em></span> <span class='ocrx_word' id='word_1_83' title='bbox 1198 1065 1356 1107; x_wconf 84' lang='lat' dir='ltr'><em>frustra</em></span> 
     </span>
    </p>
   </div>
   <div class='ocr_carea' id='block_1_3' title="bbox 182 1173 1741 2919">
    <p class='ocr_par' dir='ltr' id='par_1_5' title="bbox 185 1173 1735 1267">
     <span class='ocr_line' id='line_1_14' title="bbox 187 1173 1735 1216; baseline 0.003 -13"><span class='ocrx_word' id='word_1_84' title='bbox 187 1181 259 1204; x_wconf 80' lang='lat' dir='ltr'><em>vul</em></span> <span class='ocrx_word' id='word_1_85' title='bbox 284 1173 303 1207; x_wconf 89' lang='lat'><strong>7</strong></span> <span class='ocrx_word' id='word_1_86' title='bbox 327 1176 397 1205; x_wconf 78' lang='lat' dir='ltr'><em>ext.</em></span> <span class='ocrx_word' id='word_1_87' title='bbox 424 1174 446 1205; x_wconf 79' lang='lat'>2</span> <span class='ocrx_word' id='word_1_88' title='bbox 471 1173 720 1215; x_wconf 77' lang='lat' dir='ltr'><em>(Pythagoras)</em></span> <span class='ocrx_word' id='word_1_89' title='bbox 745 1185 810 1216; x_wconf 79' lang='lat' dir='ltr'><em>qno</em></span> <span class='ocrx_word' id='word_1_90' title='bbox 833 1174 1065 1215; x_wconf 60' lang='lat' dir='ltr'><em>cognomine</em></span> <span class='ocrx_word' id='word_1_91' title='bbox 1090 1180 1320 1207; x_wconf 76' lang='lat' dir='ltr'><em>censeretur</em></span> <span class='ocrx_word' id='word_1_92' title='bbox 1344 1174 1584 1214; x_wconf 71' lang='lat' dir='ltr'><em>intcrroyntn-s,</em></span> <span class='ocrx_word' id='word_1_93' title='bbox 1609 1185 1675 1207; x_wconf 85' lang='lat' dir='ltr'><em>non</em></span> <span class='ocrx_word' id='word_1_94' title='bbox 1699 1185 1735 1207; x_wconf 80' lang='lat' dir='ltr'><em>se</em></span> 
     </span>
     <span class='ocr_line' id='line_1_15' title="bbox 185 1224 1645 1267; baseline 0.001 -11"><span class='ocrx_word' id='word_1_95' title='bbox 185 1224 373 1265; x_wconf 72' lang='lat' dir='ltr'><em>sapientem</em></span> <span class='ocrx_word' id='word_1_96' title='bbox 390 1250 397 1257; x_wconf 95' lang='lat'><em>.</em></span> <span class='ocrx_word' id='word_1_97' title='bbox 419 1250 426 1257; x_wconf 90' lang='lat'><strong>.</strong></span> <span class='ocrx_word' id='word_1_98' title='bbox 447 1250 455 1258; x_wconf 86' lang='lat'><em>.</em></span> <span class='ocrx_word' id='word_1_99' title='bbox 475 1226 534 1257; x_wconf 77' lang='lat' dir='ltr'><em>sed</em></span> <span class='ocrx_word' id='word_1_100' title='bbox 563 1231 753 1258; x_wconf 70' lang='lat' dir='ltr'><em>amatorem</em></span> <span class='ocrx_word' id='word_1_101' title='bbox 783 1226 984 1267; x_wconf 71' lang='lat' dir='ltr'><em>sapientiae,</em></span> <span class='ocrx_word' id='word_1_102' title='bbox 1015 1226 1052 1258; x_wconf 83' lang='lat' dir='ltr'><em>id</em></span> <span class='ocrx_word' id='word_1_103' title='bbox 1079 1232 1124 1258; x_wconf 63' lang='lat' dir='ltr'><em>est</em></span> <span class='ocrx_word' id='word_1_104' title='bbox 1157 1227 1281 1258; x_wconf 80' lang='lat' dir='ltr'><em>Graece</em></span> <span class='ocrx_word' id='word_1_105' title='bbox 1313 1229 1506 1266; x_wconf 84' lang='grc' dir='ltr'>φιλόσοφον,</span> <span class='ocrx_word' id='word_1_106' title='bbox 1539 1227 1645 1259; x_wconf 77' lang='lat' dir='ltr'><em>edidit</em></span> 
     </span>
    </p>

    <p class='ocr_par' dir='ltr' id='par_1_6' title="bbox 182 1278 1732 1473">
     <span class='ocr_line' id='line_1_16' title="bbox 226 1278 1732 1320; baseline 0.001 -12"><span class='ocrx_word' id='word_1_107' title='bbox 226 1278 400 1316; x_wconf 76' lang='lat' dir='ltr'><em>proxima,</em></span> <span class='ocrx_word' id='word_1_108' title='bbox 419 1278 570 1309; x_wconf 81' lang='lat' dir='ltr'><em>maxime</em></span> <span class='ocrx_word' id='word_1_109' title='bbox 586 1278 793 1317; x_wconf 79' lang='lat' dir='ltr'><em>necessaria,</em></span> <span class='ocrx_word' id='word_1_110' title='bbox 810 1282 851 1310; x_wconf 89' lang='lat' dir='ltr'><em>ut</em></span> <span class='ocrx_word' id='word_1_111' title='bbox 868 1278 970 1320; x_wconf 87' lang='lat' dir='ltr'><em>Prop.</em></span> <span class='ocrx_word' id='word_1_112' title='bbox 992 1287 1005 1310; x_wconf 91' lang='grc' dir='ltr'>Ι</span> <span class='ocrx_word' id='word_1_113' title='bbox 1025 1279 1065 1310; x_wconf 77' lang='grc'><em>21</em></span> <span class='ocrx_word' id='word_1_114' title='bbox 1091 1280 1111 1310; x_wconf 87' lang='lat'>4</span> <span class='ocrx_word' id='word_1_115' title='bbox 1133 1289 1217 1319; x_wconf 67' lang='lat' dir='ltr'><em>par-s·</em></span> <span class='ocrx_word' id='word_1_116' title='bbox 1241 1289 1297 1319; x_wconf 71' lang='lat' dir='ltr'><em>eyo</em></span> <span class='ocrx_word' id='word_1_117' title='bbox 1319 1290 1393 1310; x_wconf 69' lang='lat' dir='ltr'><em>snm</em></span> <span class='ocrx_word' id='word_1_118' title='bbox 1416 1284 1547 1310; x_wconf 72' lang='lat' dir='ltr'><em>nestrae</em></span> <span class='ocrx_word' id='word_1_119' title='bbox 1570 1279 1732 1319; x_wconf 71' lang='lat' dir='ltr'><em>proxima</em></span> 
     </span>
     <span class='ocr_line' id='line_1_17' title="bbox 185 1327 1732 1372; baseline 0.003 -13"><span class='ocrx_word' id='word_1_120' title='bbox 185 1327 342 1367; x_wconf 76' lang='lat' dir='ltr'><em>militiae,</em></span> <span class='ocrx_word' id='word_1_121' title='bbox 368 1328 462 1370; x_wconf 88' lang='lat' dir='ltr'><em>quod</em></span> <span class='ocrx_word' id='word_1_122' title='bbox 492 1330 822 1371; x_wconf 75' lang='lat' dir='ltr'><em>interpretationem</em></span> <span class='ocrx_word' id='word_1_123' title='bbox 852 1330 981 1372; x_wconf 87' lang='lat' dir='ltr'><em>accipit</em></span> <span class='ocrx_word' id='word_1_124' title='bbox 1004 1330 1048 1361; x_wconf 80' lang='lat' dir='ltr'><em>ab</em></span> <span class='ocrx_word' id='word_1_125' title='bbox 1072 1330 1175 1362; x_wconf 84' lang='lat' dir='ltr'><em>Ouid.</em></span> <span class='ocrx_word' id='word_1_126' title='bbox 1204 1341 1246 1362; x_wconf 83' lang='lat' dir='ltr'><em>ex</em></span> <span class='ocrx_word' id='word_1_127' title='bbox 1271 1330 1374 1362; x_wconf 87' lang='lat' dir='ltr'><em>Pont.</em></span> <span class='ocrx_word' id='word_1_128' title='bbox 1402 1339 1414 1361; x_wconf 92' lang='lat'>1</span> <span class='ocrx_word' id='word_1_129' title='bbox 1439 1331 1457 1365; x_wconf 91' lang='grc'>7</span> <span class='ocrx_word' id='word_1_130' title='bbox 1481 1331 1521 1362; x_wconf 86' lang='grc'><em>68</em></span> <span class='ocrx_word' id='word_1_131' title='bbox 1545 1330 1609 1362; x_wconf 69' lang='lat' dir='ltr'><em>sim</em></span> <span class='ocrx_word' id='word_1_132' title='bbox 1633 1331 1732 1363; x_wconf 84' lang='lat' dir='ltr'><em>modo</em></span> 
     </span>
     <span class='ocr_line' id='line_1_18' title="bbox 182 1381 1731 1420; baseline 0.002 -9"><span class='ocrx_word' id='word_1_133' title='bbox 182 1389 271 1420; x_wconf 82' lang='lat' dir='ltr'><em>pars</em></span> <span class='ocrx_word' id='word_1_134' title='bbox 287 1385 419 1412; x_wconf 72' lang='lat' dir='ltr'><em>uestrae</em></span> <span class='ocrx_word' id='word_1_135' title='bbox 435 1391 502 1412; x_wconf 87' lang='lat' dir='ltr'><em>non</em></span> <span class='ocrx_word' id='word_1_136' title='bbox 518 1381 633 1413; x_wconf 83' lang='lat' dir='ltr'><em>aliena</em></span> <span class='ocrx_word' id='word_1_137' title='bbox 649 1382 769 1413; x_wconf 69' lang='lat' dir='ltr'><em>domus</em></span> <span class='ocrx_word' id='word_1_138' title='bbox 857 1381 898 1411; x_wconf 89' lang='grc'><em>98</em></span> <span class='ocrx_word' id='word_1_139' title='bbox 916 1384 1034 1413; x_wconf 86' lang='lat' dir='ltr'><em>domui</em></span> <span class='ocrx_word' id='word_1_140' title='bbox 1052 1381 1154 1413; x_wconf 84' lang='lat' dir='ltr'>codd.</span> <span class='ocrx_word' id='word_1_141' title='bbox 1174 1381 1266 1414; x_wconf 91' lang='lat' dir='ltr'><em>Flor.</em></span> <span class='ocrx_word' id='word_1_142' title='bbox 1283 1388 1319 1413; x_wconf 90' lang='lat' dir='ltr'><em>et</em></span> <span class='ocrx_word' id='word_1_143' title='bbox 1335 1382 1450 1420; x_wconf 87' lang='lat' dir='ltr'><em>Bodl.,</em></span> <span class='ocrx_word' id='word_1_144' title='bbox 1469 1385 1610 1414; x_wconf 80' lang='lat' dir='ltr'><em>domino</em></span> <span class='ocrx_word' id='word_1_145' title='bbox 1626 1385 1710 1414; x_wconf 78' lang='lat' dir='ltr'><em>GLM</em></span> <span class='ocrx_word' id='word_1_146' title='bbox 1724 1395 1731 1415; x_wconf 91' lang='lat'>:</span> 
     </span>
     <span class='ocr_line' id='line_1_19' title="bbox 186 1431 1644 1473; baseline 0.002 -11"><span class='ocrx_word' id='word_1_147' title='bbox 186 1431 358 1473; x_wconf 84' lang='lat' dir='ltr'><em>scriptum</em></span> <span class='ocrx_word' id='word_1_148' title='bbox 383 1432 499 1464; x_wconf 82' lang='lat' dir='ltr'><em>fuerat</em></span> <span class='ocrx_word' id='word_1_149' title='bbox 522 1432 640 1464; x_wconf 82' lang='lat' dir='ltr'><em>domin</em></span> <span class='ocrx_word' id='word_1_150' title='bbox 729 1436 857 1464; x_wconf 86' lang='lat' dir='ltr'><em>cuncta</em></span> <span class='ocrx_word' id='word_1_151' title='bbox 878 1432 970 1464; x_wconf 85' lang='lat' dir='ltr'><em>idem</em></span> <span class='ocrx_word' id='word_1_152' title='bbox 988 1433 1058 1464; x_wconf 86' lang='lat' dir='ltr'><em>duo</em></span> <span class='ocrx_word' id='word_1_153' title='bbox 1075 1436 1112 1465; x_wconf 88' lang='lat' dir='ltr'><em>et</em></span> <span class='ocrx_word' id='word_1_154' title='bbox 1131 1433 1163 1464; x_wconf 87' lang='lat' dir='ltr'><em>in</em></span> <span class='ocrx_word' id='word_1_155' title='bbox 1180 1436 1203 1464; x_wconf 92' lang='lat' dir='ltr'>L</span> <span class='ocrx_word' id='word_1_156' title='bbox 1220 1444 1310 1465; x_wconf 79' lang='lat' dir='ltr'><em>man.</em></span> <span class='ocrx_word' id='word_1_157' title='bbox 1330 1444 1411 1471; x_wconf 70' lang='lat' dir='ltr'><em>rea,</em></span> <span class='ocrx_word' id='word_1_158' title='bbox 1432 1437 1538 1465; x_wconf 82' lang='lat' dir='ltr'><em>cauta.</em></span> <span class='ocrx_word' id='word_1_159' title='bbox 1561 1436 1644 1465; x_wconf 85' lang='lat' dir='ltr'><em>GLM</em></span> 
     </span>
    </p>

    <p class='ocr_par' dir='ltr' id='par_1_7' title="bbox 187 1483 1738 1887">
     <span class='ocr_line' id='line_1_20' title="bbox 232 1483 1735 1526; baseline 0.001 -11"><span class='ocrx_word' id='word_1_160' title='bbox 232 1483 370 1515; x_wconf 83' lang='lat' dir='ltr'><em>domino</em></span> <span class='ocrx_word' id='word_1_161' title='bbox 386 1484 542 1516; x_wconf 72' lang='lat' dir='ltr'><em>retinent</em></span> <span class='ocrx_word' id='word_1_162' title='bbox 559 1484 706 1516; x_wconf 87' lang='lat' dir='ltr'><em>Iacobus</em></span> <span class='ocrx_word' id='word_1_163' title='bbox 723 1487 759 1516; x_wconf 88' lang='lat' dir='ltr'><em>et</em></span> <span class='ocrx_word' id='word_1_164' title='bbox 776 1484 983 1523; x_wconf 65' lang='lat' dir='ltr'><em>Becher-tus,</em></span> <span class='ocrx_word' id='word_1_165' title='bbox 1003 1485 1182 1517; x_wconf 83' lang='lat' dir='ltr'><em>Breiterus</em></span> <span class='ocrx_word' id='word_1_166' title='bbox 1203 1486 1309 1516; x_wconf 84' lang='lat' dir='ltr'><em>etiam</em></span> <span class='ocrx_word' id='word_1_167' title='bbox 1326 1490 1440 1523; x_wconf 80' lang='lat' dir='ltr'><em>canta,</em></span> <span class='ocrx_word' id='word_1_168' title='bbox 1462 1487 1470 1501; x_wconf 92' lang='lat'>‘</span> <span class='ocrx_word' id='word_1_169' title='bbox 1485 1485 1609 1526; x_wconf 83' lang='lat' dir='ltr'><em>Dinge,</em></span> <span class='ocrx_word' id='word_1_170' title='bbox 1628 1486 1735 1517; x_wconf 89' lang='lat' dir='ltr'><em>deren</em></span> 
     </span>
     <span class='ocr_line' id='line_1_21' title="bbox 188 1535 1738 1579; baseline 0.002 -13"><span class='ocrx_word' id='word_1_171' title='bbox 188 1535 402 1577; x_wconf 84' lang='lat' dir='ltr'><em>vorsichtige</em></span> <span class='ocrx_word' id='word_1_172' title='bbox 428 1535 660 1578; x_wconf 84' lang='lat' dir='ltr'><em>Behandlung</em></span> <span class='ocrx_word' id='word_1_173' title='bbox 683 1535 761 1567; x_wconf 88' lang='lat' dir='ltr'><em>dem</em></span> <span class='ocrx_word' id='word_1_174' title='bbox 788 1536 995 1568; x_wconf 86' lang='lat' dir='ltr'><em>Hausherrn</em></span> <span class='ocrx_word' id='word_1_175' title='bbox 1024 1536 1199 1578; x_wconf 85' lang='lat' dir='ltr'><em>obliegt’;</em></span> <span class='ocrx_word' id='word_1_176' title='bbox 1235 1536 1354 1578; x_wconf 74' lang='lat' dir='ltr'><em>quales</em></span> <span class='ocrx_word' id='word_1_177' title='bbox 1382 1537 1522 1568; x_wconf 86' lang='lat' dir='ltr'><em>criticos</em></span> <span class='ocrx_word' id='word_1_178' title='bbox 1544 1537 1738 1579; x_wconf 83' lang='lat' dir='ltr'><em>aliquando</em></span> 
     </span>
     <span class='ocr_line' id='line_1_22' title="bbox 188 1586 1733 1629; baseline 0.002 -11"><span class='ocrx_word' id='word_1_179' title='bbox 188 1586 328 1618; x_wconf 76' lang='lat' dir='ltr'><em>futuros</em></span> <span class='ocrx_word' id='word_1_180' title='bbox 345 1587 414 1618; x_wconf 85' lang='lat' dir='ltr'><em>iam</em></span> <span class='ocrx_word' id='word_1_181' title='bbox 430 1586 586 1629; x_wconf 82' lang='lat' dir='ltr'><em>Scaliger</em></span> <span class='ocrx_word' id='word_1_182' title='bbox 602 1592 846 1629; x_wconf 79' lang='lat' dir='ltr'><em>praesenserat</em></span> <span class='ocrx_word' id='word_1_183' title='bbox 863 1599 941 1619; x_wconf 87' lang='lat' dir='ltr'><em>cum</em></span> <span class='ocrx_word' id='word_1_184' title='bbox 960 1588 1043 1620; x_wconf 88' lang='lat' dir='ltr'><em>haec</em></span> <span class='ocrx_word' id='word_1_185' title='bbox 1060 1588 1239 1626; x_wconf 84' lang='lat' dir='ltr'><em>scriberet,</em></span> <span class='ocrx_word' id='word_1_186' title='bbox 1264 1591 1271 1604; x_wconf 89' lang='lat'>‘</span> <span class='ocrx_word' id='word_1_187' title='bbox 1284 1588 1374 1619; x_wconf 86' lang='lat' dir='ltr'><em>male</em></span> <span class='ocrx_word' id='word_1_188' title='bbox 1387 1599 1462 1620; x_wconf 90' lang='lat' dir='ltr'><em>meo</em></span> <span class='ocrx_word' id='word_1_189' title='bbox 1479 1588 1608 1620; x_wconf 87' lang='lat' dir='ltr'><em>iudicio</em></span> <span class='ocrx_word' id='word_1_190' title='bbox 1624 1589 1733 1621; x_wconf 86' lang='lat' dir='ltr'><em>codex</em></span> 
     </span>
     <span class='ocr_line' id='line_1_23' title="bbox 187 1638 1730 1681; baseline 0.001 -11"><span class='ocrx_word' id='word_1_191' title='bbox 187 1638 449 1671; x_wconf 86' lang='lat' dir='ltr'><em>Gemblacensis</em></span> <span class='ocrx_word' id='word_1_192' title='bbox 476 1638 678 1680; x_wconf 78' lang='lat' dir='ltr'><em>dominoque</em></span> <span class='ocrx_word' id='word_1_193' title='bbox 706 1639 881 1671; x_wconf 80' lang='lat' dir='ltr'><em>haerentia</em></span> <span class='ocrx_word' id='word_1_194' title='bbox 907 1644 1018 1671; x_wconf 77' lang='lat' dir='ltr'><em>cauta.</em></span> <span class='ocrx_word' id='word_1_195' title='bbox 1068 1641 1199 1678; x_wconf 90' lang='lat' dir='ltr'><em>monui,</em></span> <span class='ocrx_word' id='word_1_196' title='bbox 1226 1639 1320 1681; x_wconf 85' lang='lat' dir='ltr'><em>quod</em></span> <span class='ocrx_word' id='word_1_197' title='bbox 1348 1640 1409 1681; x_wconf 91' lang='lat' dir='ltr'><em>qui</em></span> <span class='ocrx_word' id='word_1_198' title='bbox 1437 1640 1576 1681; x_wconf 80' lang='lat' dir='ltr'><em>pruritu</em></span> <span class='ocrx_word' id='word_1_199' title='bbox 1600 1651 1730 1672; x_wconf 84' lang='lat' dir='ltr'><em>corree-</em></span> 
     </span>
     <span class='ocr_line' id='line_1_24' title="bbox 187 1689 1732 1732; baseline 0.001 -11"><span class='ocrx_word' id='word_1_200' title='bbox 187 1689 324 1721; x_wconf 88' lang='lat' dir='ltr'><em>tionum</em></span> <span class='ocrx_word' id='word_1_201' title='bbox 345 1693 531 1722; x_wconf 79' lang='lat' dir='ltr'><em>tentantur</em></span> <span class='ocrx_word' id='word_1_202' title='bbox 547 1694 690 1732; x_wconf 81' lang='lat' dir='ltr'><em>possent</em></span> <span class='ocrx_word' id='word_1_203' title='bbox 712 1690 800 1722; x_wconf 87' lang='lat' dir='ltr'><em>hanc</em></span> <span class='ocrx_word' id='word_1_204' title='bbox 824 1690 1010 1722; x_wconf 86' lang='lat' dir='ltr'><em>lectionem</em></span> <span class='ocrx_word' id='word_1_205' title='bbox 1033 1690 1222 1722; x_wconf 82' lang='lat' dir='ltr'><em>admittere</em></span> <span class='ocrx_word' id='word_1_206' title='bbox 1245 1695 1281 1722; x_wconf 89' lang='lat' dir='ltr'><em>et</em></span> <span class='ocrx_word' id='word_1_207' title='bbox 1304 1691 1418 1722; x_wconf 83' lang='lat' dir='ltr'><em>inuita.</em></span> <span class='ocrx_word' id='word_1_208' title='bbox 1441 1691 1603 1722; x_wconf 86' lang='lat' dir='ltr'><em>Minerua</em></span> <span class='ocrx_word' id='word_1_209' title='bbox 1626 1692 1732 1723; x_wconf 86' lang='lat' dir='ltr'><em>inter-</em></span> 
     </span>
     <span class='ocr_line' id='line_1_25' title="bbox 187 1741 1736 1785; baseline 0.001 -12"><span class='ocrx_word' id='word_1_210' title='bbox 187 1741 352 1784; x_wconf 84' lang='lat' dir='ltr'><em>pretari&#39;.</em></span> <span class='ocrx_word' id='word_1_211' title='bbox 401 1744 555 1773; x_wconf 89' lang='lat' dir='ltr'><em>ceterum</em></span> <span class='ocrx_word' id='word_1_212' title='bbox 580 1742 644 1773; x_wconf 86' lang='lat' dir='ltr'><em>hac</em></span> <span class='ocrx_word' id='word_1_213' title='bbox 665 1741 778 1773; x_wconf 81' lang='lat' dir='ltr'><em>datiui</em></span> <span class='ocrx_word' id='word_1_214' title='bbox 795 1745 941 1784; x_wconf 76' lang='lat' dir='ltr'><em>quartae</em></span> <span class='ocrx_word' id='word_1_215' title='bbox 962 1742 1211 1774; x_wconf 77' lang='lat' dir='ltr'><em>declinationis</em></span> <span class='ocrx_word' id='word_1_216' title='bbox 1235 1742 1347 1774; x_wconf 82' lang='lat' dir='ltr'><em>forma</em></span> <span class='ocrx_word' id='word_1_217' title='bbox 1369 1743 1536 1774; x_wconf 81' lang='lat' dir='ltr'><em>Manilius</em></span> <span class='ocrx_word' id='word_1_218' title='bbox 1553 1747 1736 1785; x_wconf 77' lang='lat' dir='ltr'><em>praeterea</em></span> 
     </span>
     <span class='ocr_line' id='line_1_26' title="bbox 189 1793 1730 1835; baseline 0.001 -10"><span class='ocrx_word' id='word_1_219' title='bbox 189 1803 259 1825; x_wconf 91' lang='lat' dir='ltr'><em>non</em></span> <span class='ocrx_word' id='word_1_220' title='bbox 276 1803 358 1825; x_wconf 81' lang='lat' dir='ltr'><em>usus</em></span> <span class='ocrx_word' id='word_1_221' title='bbox 375 1796 441 1831; x_wconf 83' lang='lat' dir='ltr'><em>est,</em></span> <span class='ocrx_word' id='word_1_222' title='bbox 461 1793 521 1825; x_wconf 88' lang='lat' dir='ltr'><em>sed</em></span> <span class='ocrx_word' id='word_1_223' title='bbox 538 1804 581 1825; x_wconf 90' lang='lat' dir='ltr'><em>ne</em></span> <span class='ocrx_word' id='word_1_224' title='bbox 598 1794 710 1825; x_wconf 81' lang='lat' dir='ltr'><em>altera</em></span> <span class='ocrx_word' id='word_1_225' title='bbox 727 1794 868 1835; x_wconf 87' lang='lat' dir='ltr'><em>quidem</em></span> <span class='ocrx_word' id='word_1_226' title='bbox 885 1806 892 1832; x_wconf 87' lang='lat'>;</span> <span class='ocrx_word' id='word_1_227' title='bbox 917 1794 1009 1825; x_wconf 84' lang='lat' dir='ltr'><em>sieut</em></span> <span class='ocrx_word' id='word_1_228' title='bbox 1034 1794 1068 1825; x_wconf 90' lang='lat' dir='ltr'><em>in</em></span> <span class='ocrx_word' id='word_1_229' title='bbox 1088 1794 1212 1835; x_wconf 81' lang='lat' dir='ltr'><em>quinta</em></span> <span class='ocrx_word' id='word_1_230' title='bbox 1233 1794 1339 1826; x_wconf 85' lang='lat' dir='ltr'><em>semel</em></span> <span class='ocrx_word' id='word_1_231' title='bbox 1352 1794 1443 1835; x_wconf 79' lang='lat' dir='ltr'><em>fidei</em></span> <span class='ocrx_word' id='word_1_232' title='bbox 1460 1794 1579 1835; x_wconf 87' lang='lat' dir='ltr'><em>posuit</em></span> <span class='ocrx_word' id='word_1_233' title='bbox 1595 1804 1639 1826; x_wconf 82' lang='lat'><em>111</em></span> <span class='ocrx_word' id='word_1_234' title='bbox 1658 1797 1730 1834; x_wconf 85' lang='lat'><em>107,</em></span> 
     </span>
     <span class='ocr_line' id='line_1_27' title="bbox 187 1844 1637 1887; baseline 0.001 -11"><span class='ocrx_word' id='word_1_235' title='bbox 187 1855 359 1886; x_wconf 82' lang='lat' dir='ltr'><em>nusquam</em></span> <span class='ocrx_word' id='word_1_236' title='bbox 374 1844 459 1885; x_wconf 85' lang='lat' dir='ltr'><em>fide.</em></span> <span class='ocrx_word' id='word_1_237' title='bbox 508 1844 627 1876; x_wconf 82' lang='lat' dir='ltr'><em>domni</em></span> <span class='ocrx_word' id='word_1_238' title='bbox 647 1845 716 1876; x_wconf 83' lang='lat' dir='ltr'><em>iam</em></span> <span class='ocrx_word' id='word_1_239' title='bbox 736 1844 885 1877; x_wconf 89' lang='lat' dir='ltr'><em>Ouidius</em></span> <span class='ocrx_word' id='word_1_240' title='bbox 902 1845 1044 1877; x_wconf 82' lang='lat' dir='ltr'><em>dixerat</em></span> <span class='ocrx_word' id='word_1_241' title='bbox 1065 1846 1135 1877; x_wconf 84' lang='lat' dir='ltr'><em>her.</em></span> <span class='ocrx_word' id='word_1_242' title='bbox 1158 1854 1213 1876; x_wconf 80' lang='lat' dir='ltr'><em>vn</em></span> <span class='ocrx_word' id='word_1_243' title='bbox 1240 1847 1300 1878; x_wconf 88' lang='lat'><em>163</em></span> <span class='ocrx_word' id='word_1_244' title='bbox 1322 1849 1357 1877; x_wconf 82' lang='lat' dir='ltr'><em>et</em></span> <span class='ocrx_word' id='word_1_245' title='bbox 1375 1845 1536 1887; x_wconf 90' lang='lat' dir='ltr'><em>pluribus</em></span> <span class='ocrx_word' id='word_1_246' title='bbox 1553 1846 1637 1878; x_wconf 83' lang='lat' dir='ltr'><em>locis</em></span> 
     </span>
    </p>

    <p class='ocr_par' dir='ltr' id='par_1_8' title="bbox 186 1895 1741 2919">
     <span class='ocr_line' id='line_1_28' title="bbox 231 1895 1730 1938; baseline 0.001 -11"><span class='ocrx_word' id='word_1_247' title='bbox 231 1895 273 1927; x_wconf 83' lang='lat'><em>99</em></span> <span class='ocrx_word' id='word_1_248' title='bbox 298 1898 360 1935; x_wconf 84' lang='lat' dir='ltr'><em>qui</em></span> <span class='ocrx_word' id='word_1_249' title='bbox 383 1897 558 1938; x_wconf 85' lang='lat' dir='ltr'><em>posterius</em></span> <span class='ocrx_word' id='word_1_250' title='bbox 581 1900 627 1935; x_wconf 88' lang='grc' dir='ltr'><em>Μ,</em></span> <span class='ocrx_word' id='word_1_251' title='bbox 654 1899 733 1934; x_wconf 79' lang='lat' dir='ltr'><em>quis</em></span> <span class='ocrx_word' id='word_1_252' title='bbox 757 1899 807 1928; x_wconf 91' lang='lat' dir='ltr'><em>GL</em></span> <span class='ocrx_word' id='word_1_253' title='bbox 896 1906 1082 1929; x_wconf 84' lang='lat' dir='ltr'><em>concessus</em></span> <span class='ocrx_word' id='word_1_254' title='bbox 1104 1900 1164 1928; x_wconf 82' lang='lat' dir='ltr'><em>GM</em></span> <span class='ocrx_word' id='word_1_255' title='bbox 1187 1900 1222 1928; x_wconf 83' lang='lat' dir='ltr'><em>et</em></span> <span class='ocrx_word' id='word_1_256' title='bbox 1244 1897 1279 1928; x_wconf 86' lang='lat' dir='ltr'><em>in</em></span> <span class='ocrx_word' id='word_1_257' title='bbox 1301 1900 1324 1928; x_wconf 90' lang='lat' dir='ltr'>L</span> <span class='ocrx_word' id='word_1_258' title='bbox 1342 1908 1465 1929; x_wconf 82' lang='lat' dir='ltr'><em>manus</em></span> <span class='ocrx_word' id='word_1_259' title='bbox 1484 1908 1549 1929; x_wconf 88' lang='lat' dir='ltr'><em>nec</em></span> <span class='ocrx_word' id='word_1_260' title='bbox 1574 1899 1588 1929; x_wconf 95' lang='grc'><em>1</em></span> <span class='ocrx_word' id='word_1_261' title='bbox 1611 1909 1675 1930; x_wconf 90' lang='lat' dir='ltr'><em>nec</em></span> <span class='ocrx_word' id='word_1_262' title='bbox 1698 1898 1730 1936; x_wconf 78' lang='lat'><em>2,</em></span> 
     </span>
     <span class='ocr_line' id='line_1_29' title="bbox 188 1947 1734 1990; baseline 0.001 -11"><span class='ocrx_word' id='word_1_263' title='bbox 188 1957 379 1980; x_wconf 81' lang='lat' dir='ltr'><em>concensus</em></span> <span class='ocrx_word' id='word_1_264' title='bbox 402 1951 426 1979; x_wconf 88' lang='lat' dir='ltr'>L</span> <span class='ocrx_word' id='word_1_265' title='bbox 450 1947 525 1980; x_wconf 86' lang='lat' dir='ltr'><em>cod.</em></span> <span class='ocrx_word' id='word_1_266' title='bbox 554 1948 714 1980; x_wconf 87' lang='lat' dir='ltr'><em>Venetus</em></span> <span class='ocrx_word' id='word_1_267' title='bbox 804 1947 867 1979; x_wconf 91' lang='grc'><em>100</em></span> <span class='ocrx_word' id='word_1_268' title='bbox 893 1949 977 1980; x_wconf 90' lang='lat' dir='ltr'><em>ordo</em></span> <span class='ocrx_word' id='word_1_269' title='bbox 1006 1953 1060 1980; x_wconf 85' lang='lat' dir='ltr'><em>est</em></span> <span class='ocrx_word' id='word_1_270' title='bbox 1084 1959 1188 1989; x_wconf 77' lang='lat' dir='ltr'><em>qnam</em></span> <span class='ocrx_word' id='word_1_271' title='bbox 1211 1959 1367 1989; x_wconf 71' lang='lat' dir='ltr'><em>maqnas,</em></span> <span class='ocrx_word' id='word_1_272' title='bbox 1391 1956 1552 1990; x_wconf 80' lang='lat' dir='ltr'><em>quantas,</em></span> <span class='ocrx_word' id='word_1_273' title='bbox 1578 1950 1671 1981; x_wconf 88' lang='lat' dir='ltr'><em>sicut</em></span> <span class='ocrx_word' id='word_1_274' title='bbox 1698 1951 1734 1982; x_wconf 90' lang='lat' dir='ltr'><em>in</em></span> 
     </span>
     <span class='ocr_line' id='line_1_30' title="bbox 188 1999 1734 2041; baseline 0.001 -10"><span class='ocrx_word' id='word_1_275' title='bbox 188 2009 292 2031; x_wconf 84' lang='lat' dir='ltr'><em>uersu</em></span> <span class='ocrx_word' id='word_1_276' title='bbox 315 1999 493 2041; x_wconf 84' lang='lat' dir='ltr'><em>superiore</em></span> <span class='ocrx_word' id='word_1_277' title='bbox 519 1999 562 2031; x_wconf 91' lang='lat' dir='ltr'><em>de</em></span> <span class='ocrx_word' id='word_1_278' title='bbox 589 1999 692 2031; x_wconf 88' lang='lat' dir='ltr'><em>modo</em></span> <span class='ocrx_word' id='word_1_279' title='bbox 720 2000 795 2031; x_wconf 79' lang='lat' dir='ltr'><em>siue</em></span> <span class='ocrx_word' id='word_1_280' title='bbox 823 2010 988 2031; x_wconf 77' lang='lat' dir='ltr'><em>mensura.</em></span> <span class='ocrx_word' id='word_1_281' title='bbox 1017 2010 1130 2031; x_wconf 87' lang='lat' dir='ltr'><em>sermo</em></span> <span class='ocrx_word' id='word_1_282' title='bbox 1160 1999 1239 2031; x_wconf 80' lang='lat' dir='ltr'><em>fuit.</em></span> <span class='ocrx_word' id='word_1_283' title='bbox 1295 2011 1427 2041; x_wconf 74' lang='lat' dir='ltr'><em>quaque</em></span> <span class='ocrx_word' id='word_1_284' title='bbox 1456 2000 1555 2032; x_wconf 87' lang='lat' dir='ltr'><em>codd.</em></span> <span class='ocrx_word' id='word_1_285' title='bbox 1583 2011 1670 2033; x_wconf 83' lang='lat' dir='ltr'><em>rece.</em></span> <span class='ocrx_word' id='word_1_286' title='bbox 1698 2004 1734 2034; x_wconf 86' lang='lat' dir='ltr'><em>et</em></span> 
     </span>
     <span class='ocr_line' id='line_1_31' title="bbox 190 2050 1735 2094; baseline 0.002 -12"><span class='ocrx_word' id='word_1_287' title='bbox 190 2061 300 2093; x_wconf 79' lang='lat' dir='ltr'><em>usque</em></span> <span class='ocrx_word' id='word_1_288' title='bbox 317 2051 361 2082; x_wconf 86' lang='lat' dir='ltr'><em>ad</em></span> <span class='ocrx_word' id='word_1_289' title='bbox 377 2050 543 2083; x_wconf 86' lang='lat' dir='ltr'><em>Iacobum</em></span> <span class='ocrx_word' id='word_1_290' title='bbox 561 2051 726 2089; x_wconf 83' lang='lat' dir='ltr'><em>editores,</em></span> <span class='ocrx_word' id='word_1_291' title='bbox 745 2052 807 2093; x_wconf 87' lang='lat' dir='ltr'><em>qui</em></span> <span class='ocrx_word' id='word_1_292' title='bbox 823 2051 918 2092; x_wconf 87' lang='lat' dir='ltr'><em>quod</em></span> <span class='ocrx_word' id='word_1_293' title='bbox 936 2052 1116 2083; x_wconf 81' lang='lat' dir='ltr'><em>reuocauit</em></span> <span class='ocrx_word' id='word_1_294' title='bbox 1129 2062 1232 2092; x_wconf 73' lang='lat' dir='ltr'><em>quam</em></span> <span class='ocrx_word' id='word_1_295' title='bbox 1245 2062 1313 2083; x_wconf 90' lang='lat' dir='ltr'><em>non</em></span> <span class='ocrx_word' id='word_1_296' title='bbox 1330 2052 1508 2084; x_wconf 84' lang='lat' dir='ltr'><em>intellexit</em></span> <span class='ocrx_word' id='word_1_297' title='bbox 1595 2064 1735 2094; x_wconf 82' lang='lat' dir='ltr'><em>opernm</em></span> 
     </span>
     <span class='ocr_line' id='line_1_32' title="bbox 190 2102 1736 2146; baseline 0.001 -12"><span class='ocrx_word' id='word_1_298' title='bbox 190 2103 301 2141; x_wconf 81' lang='lat' dir='ltr'><em>moles,</em></span> <span class='ocrx_word' id='word_1_299' title='bbox 325 2102 485 2134; x_wconf 82' lang='lat' dir='ltr'><em>aedificia</em></span> <span class='ocrx_word' id='word_1_300' title='bbox 575 2102 635 2133; x_wconf 87' lang='lat'><em>101</em></span> <span class='ocrx_word' id='word_1_301' title='bbox 661 2103 884 2145; x_wconf 85' lang='lat' dir='ltr'><em>planetarum</em></span> <span class='ocrx_word' id='word_1_302' title='bbox 909 2103 1123 2141; x_wconf 85' lang='lat' dir='ltr'><em>testimonia,</em></span> <span class='ocrx_word' id='word_1_303' title='bbox 1147 2114 1247 2144; x_wconf 88' lang='lat' dir='ltr'><em>quae,</em></span> <span class='ocrx_word' id='word_1_304' title='bbox 1271 2103 1365 2135; x_wconf 89' lang='lat' dir='ltr'><em>sicut</em></span> <span class='ocrx_word' id='word_1_305' title='bbox 1388 2104 1423 2135; x_wconf 91' lang='lat' dir='ltr'><em>in</em></span> <span class='ocrx_word' id='word_1_306' title='bbox 1446 2103 1682 2146; x_wconf 89' lang='lat' dir='ltr'><em>dodecatropo</em></span> <span class='ocrx_word' id='word_1_307' title='bbox 1706 2114 1736 2136; x_wconf 92' lang='lat'><em>11</em></span> 
     </span>
     <span class='ocr_line' id='line_1_33' title="bbox 190 2154 1733 2196; baseline 0.001 -10"><span class='ocrx_word' id='word_1_308' title='bbox 190 2155 253 2186; x_wconf 90' lang='lat'><em>835</em></span> <span class='ocrx_word' id='word_1_309' title='bbox 270 2157 307 2186; x_wconf 89' lang='lat' dir='ltr'><em>et</em></span> <span class='ocrx_word' id='word_1_310' title='bbox 322 2155 440 2191; x_wconf 82' lang='lat'><em>961-4,</em></span> <span class='ocrx_word' id='word_1_311' title='bbox 458 2154 508 2186; x_wconf 84' lang='lat' dir='ltr'><em>ita</em></span> <span class='ocrx_word' id='word_1_312' title='bbox 525 2154 561 2185; x_wconf 91' lang='lat' dir='ltr'><em>in</em></span> <span class='ocrx_word' id='word_1_313' title='bbox 577 2154 686 2186; x_wconf 84' lang='lat' dir='ltr'><em>athlis</em></span> <span class='ocrx_word' id='word_1_314' title='bbox 710 2159 926 2186; x_wconf 85' lang='lat' dir='ltr'><em>momentum</em></span> <span class='ocrx_word' id='word_1_315' title='bbox 949 2154 1097 2193; x_wconf 76' lang='lat' dir='ltr'><em>faciunt,</em></span> <span class='ocrx_word' id='word_1_316' title='bbox 1117 2158 1257 2186; x_wconf 85' lang='lat' dir='ltr'><em>tantum</em></span> <span class='ocrx_word' id='word_1_317' title='bbox 1277 2155 1312 2186; x_wconf 89' lang='lat' dir='ltr'><em>in</em></span> <span class='ocrx_word' id='word_1_318' title='bbox 1331 2160 1465 2196; x_wconf 84' lang='lat' dir='ltr'><em>septem</em></span> <span class='ocrx_word' id='word_1_319' title='bbox 1486 2166 1528 2187; x_wconf 83' lang='lat' dir='ltr'><em>ex</em></span> <span class='ocrx_word' id='word_1_320' title='bbox 1550 2156 1733 2188; x_wconf 83' lang='lat' dir='ltr'><em>duodecim</em></span> 
     </span>
     <span class='ocr_line' id='line_1_34' title="bbox 189 2205 1731 2247; baseline 0.001 -9"><span class='ocrx_word' id='word_1_321' title='bbox 189 2205 343 2238; x_wconf 82' lang='lat' dir='ltr'><em>sortibus</em></span> <span class='ocrx_word' id='word_1_322' title='bbox 373 2210 701 2245; x_wconf 85' lang='lat' dir='ltr'><em>commemorantur,</em></span> <span class='ocrx_word' id='word_1_323' title='bbox 738 2207 811 2245; x_wconf 89' lang='grc'>101,</span> <span class='ocrx_word' id='word_1_324' title='bbox 840 2207 914 2244; x_wconf 83' lang='grc'>110,</span> <span class='ocrx_word' id='word_1_325' title='bbox 944 2207 1018 2244; x_wconf 90' lang='grc'>119,</span> <span class='ocrx_word' id='word_1_326' title='bbox 1048 2207 1119 2244; x_wconf 83' lang='lat'><em>126,</em></span> <span class='ocrx_word' id='word_1_327' title='bbox 1150 2207 1222 2245; x_wconf 80' lang='lat'><em>128,</em></span> <span class='ocrx_word' id='word_1_328' title='bbox 1254 2208 1325 2245; x_wconf 80' lang='lat'><em>141,</em></span> <span class='ocrx_word' id='word_1_329' title='bbox 1355 2208 1415 2239; x_wconf 89' lang='grc'><em>155</em></span> <span class='ocrx_word' id='word_1_330' title='bbox 1513 2209 1731 2247; x_wconf 76' lang='lat' dir='ltr'><em>concordant,</em></span> 
     </span>
     <span class='ocr_line' id='line_1_35' title="bbox 192 2257 1733 2299; baseline 0.002 -10"><span class='ocrx_word' id='word_1_331' title='bbox 192 2258 254 2290; x_wconf 87' lang='lat'><em>110</em></span> <span class='ocrx_word' id='word_1_332' title='bbox 284 2262 453 2296; x_wconf 72' lang='lat' dir='ltr'><em>consonat,</em></span> <span class='ocrx_word' id='word_1_333' title='bbox 485 2257 582 2290; x_wconf 83' lang='lat' dir='ltr'><em>Sext.</em></span> <span class='ocrx_word' id='word_1_334' title='bbox 613 2268 702 2299; x_wconf 90' lang='lat' dir='ltr'><em>emp.</em></span> <span class='ocrx_word' id='word_1_335' title='bbox 732 2259 815 2298; x_wconf 86' lang='grc' dir='ltr'>πρὸσ</span> <span class='ocrx_word' id='word_1_336' title='bbox 838 2260 930 2298; x_wconf 83' lang='grc' dir='ltr'>ἁστρ.</span> <span class='ocrx_word' id='word_1_337' title='bbox 950 2258 992 2290; x_wconf 89' lang='grc'><em>39</em></span> <span class='ocrx_word' id='word_1_338' title='bbox 1019 2259 1209 2298; x_wconf 84' lang='grc' dir='ltr'>ἐπιβλέπειν</span> <span class='ocrx_word' id='word_1_339' title='bbox 1238 2259 1271 2290; x_wconf 80' lang='grc' dir='ltr'><em>δὲ</em></span> <span class='ocrx_word' id='word_1_340' title='bbox 1301 2260 1453 2298; x_wconf 73' lang='grc' dir='ltr'>λέγονται</span> <span class='ocrx_word' id='word_1_341' title='bbox 1483 2261 1651 2298; x_wconf 83' lang='grc' dir='ltr'>ἀλλήλουσ</span> <span class='ocrx_word' id='word_1_342' title='bbox 1681 2262 1733 2292; x_wconf 83' lang='grc' dir='ltr'><strong>καί</strong></span> 
     </span>
     <span class='ocr_line' id='line_1_36' title="bbox 191 2310 1728 2352; baseline 0.003 -12"><span class='ocrx_word' id='word_1_343' title='bbox 191 2311 408 2348; x_wconf 82' lang='grc' dir='ltr'>συμφωνεῖν</span> <span class='ocrx_word' id='word_1_344' title='bbox 433 2310 594 2347; x_wconf 86' lang='grc' dir='ltr'>ἁλλήλοισ</span> <span class='ocrx_word' id='word_1_345' title='bbox 618 2311 646 2341; x_wconf 86' lang='grc' dir='ltr'><em>οἱ</em></span> <span class='ocrx_word' id='word_1_346' title='bbox 671 2311 754 2341; x_wconf 83' lang='grc' dir='ltr'>κατὰ</span> <span class='ocrx_word' id='word_1_347' title='bbox 776 2311 933 2350; x_wconf 67' lang='grc' dir='ltr'>τρί’γωνον</span> <span class='ocrx_word' id='word_1_348' title='bbox 957 2312 976 2348; x_wconf 85' lang='grc' dir='ltr'>ἢ</span> <span class='ocrx_word' id='word_1_349' title='bbox 999 2311 1199 2350; x_wconf 72' lang='grc' dir='ltr'>τετράγωνον</span> <span class='ocrx_word' id='word_1_350' title='bbox 1224 2311 1408 2349; x_wconf 83' lang='grc' dir='ltr'>φαινόμενοι</span> <span class='ocrx_word' id='word_1_351' title='bbox 1434 2312 1609 2352; x_wconf 81' lang='grc' dir='ltr'>(ἀστέρεσ),</span> <span class='ocrx_word' id='word_1_352' title='bbox 1628 2311 1728 2344; x_wconf 74' lang='lat' dir='ltr'><em>Vett.</em></span> 
     </span>
     <span class='ocr_line' id='line_1_37' title="bbox 190 2360 1738 2404; baseline 0.001 -12"><span class='ocrx_word' id='word_1_353' title='bbox 190 2360 273 2392; x_wconf 85' lang='lat' dir='ltr'><em>Val.</em></span> <span class='ocrx_word' id='word_1_354' title='bbox 291 2371 324 2402; x_wconf 90' lang='lat' dir='ltr'><em>p.</em></span> <span class='ocrx_word' id='word_1_355' title='bbox 348 2361 409 2392; x_wconf 87' lang='grc'><em>116</em></span> <span class='ocrx_word' id='word_1_356' title='bbox 424 2361 468 2393; x_wconf 89' lang='grc'><em>30</em></span> <span class='ocrx_word' id='word_1_357' title='bbox 483 2371 532 2402; x_wconf 79' lang='lat' dir='ltr'><em>sq.</em></span> <span class='ocrx_word' id='word_1_358' title='bbox 554 2362 635 2392; x_wconf 81' lang='grc' dir='ltr'>Ζεὺσ</span> <span class='ocrx_word' id='word_1_359' title='bbox 652 2361 842 2401; x_wconf 83' lang='grc' dir='ltr'>Ἀφροδίτην</span> <span class='ocrx_word' id='word_1_360' title='bbox 862 2362 1041 2401; x_wconf 81' lang='grc' dir='ltr'>ἐπιθεωρῶν</span> <span class='ocrx_word' id='word_1_361' title='bbox 1058 2363 1077 2400; x_wconf 84' lang='grc' dir='ltr'>ἢ</span> <span class='ocrx_word' id='word_1_362' title='bbox 1094 2363 1145 2392; x_wconf 79' lang='grc' dir='ltr'><em>καὶ</em></span> <span class='ocrx_word' id='word_1_363' title='bbox 1163 2363 1375 2399; x_wconf 84' lang='grc' dir='ltr'>οἰκειούμενοσ·</span> <span class='ocrx_word' id='word_1_364' title='bbox 1391 2361 1473 2402; x_wconf 81' lang='grc' dir='ltr'>αὐτῇ</span> <span class='ocrx_word' id='word_1_365' title='bbox 1489 2364 1508 2400; x_wconf 84' lang='grc' dir='ltr'>ἢ</span> <span class='ocrx_word' id='word_1_366' title='bbox 1524 2365 1604 2394; x_wconf 83' lang='grc' dir='ltr'>κατὰ</span> <span class='ocrx_word' id='word_1_367' title='bbox 1621 2365 1738 2404; x_wconf 86' lang='grc' dir='ltr'>μοῖραν</span> 
     </span>
     <span class='ocr_line' id='line_1_38' title="bbox 191 2411 1732 2452; baseline 0.003 -9"><span class='ocrx_word' id='word_1_368' title='bbox 191 2415 399 2452; x_wconf 86' lang='grc' dir='ltr'>σύμφωνοσ</span> <span class='ocrx_word' id='word_1_369' title='bbox 422 2411 502 2452; x_wconf 80' lang='grc' dir='ltr'>αὐτῇ</span> <span class='ocrx_word' id='word_1_370' title='bbox 591 2411 653 2443; x_wconf 87' lang='grc'><em>102</em></span> <span class='ocrx_word' id='word_1_371' title='bbox 673 2415 770 2444; x_wconf 81' lang='lat' dir='ltr'><em>locus</em></span> <span class='ocrx_word' id='word_1_372' title='bbox 792 2415 850 2449; x_wconf 94' lang='lat' dir='ltr'><em>GL,</em></span> <span class='ocrx_word' id='word_1_373' title='bbox 874 2421 987 2450; x_wconf 81' lang='lat' dir='ltr'><em>genus</em></span> <span class='ocrx_word' id='word_1_374' title='bbox 1008 2416 1042 2444; x_wconf 87' lang='lat' dir='ltr'>M</span> <span class='ocrx_word' id='word_1_375' title='bbox 1061 2423 1102 2444; x_wconf 83' lang='lat' dir='ltr'><em>ex</em></span> <span class='ocrx_word' id='word_1_376' title='bbox 1129 2414 1188 2445; x_wconf 87' lang='lat'><em>106</em></span> <span class='ocrx_word' id='word_1_377' title='bbox 1277 2422 1348 2451; x_wconf 86' lang='lat' dir='ltr'><em>qua</em></span> <span class='ocrx_word' id='word_1_378' title='bbox 1371 2416 1431 2451; x_wconf 87' lang='lat' dir='ltr'><em>GL,</em></span> <span class='ocrx_word' id='word_1_379' title='bbox 1457 2424 1524 2446; x_wconf 86' lang='lat' dir='ltr'><em>om.</em></span> <span class='ocrx_word' id='word_1_380' title='bbox 1551 2417 1585 2446; x_wconf 89' lang='grc' dir='ltr'><strong>Μ</strong></span> <span class='ocrx_word' id='word_1_381' title='bbox 1673 2419 1732 2448; x_wconf 86' lang='grc'>103</span> 
     </span>
     <span class='ocr_line' id='line_1_39' title="bbox 191 2463 1732 2507; baseline 0.001 -11"><span class='ocrx_word' id='word_1_382' title='bbox 191 2466 286 2502; x_wconf 77' lang='lat' dir='ltr'><em>quod</em></span> <span class='ocrx_word' id='word_1_383' title='bbox 302 2463 466 2504; x_wconf 84' lang='lat' dir='ltr'><em>Scaliger,</em></span> <span class='ocrx_word' id='word_1_384' title='bbox 486 2472 554 2502; x_wconf 87' lang='lat' dir='ltr'><em>quo</em></span> <span class='ocrx_word' id='word_1_385' title='bbox 571 2466 616 2501; x_wconf 85' lang='grc' dir='ltr'><em>Μ,</em></span> <span class='ocrx_word' id='word_1_386' title='bbox 635 2472 726 2502; x_wconf 83' lang='lat' dir='ltr'><em>quae</em></span> <span class='ocrx_word' id='word_1_387' title='bbox 743 2467 801 2496; x_wconf 86' lang='lat' dir='ltr'><em>GL.</em></span> <span class='ocrx_word' id='word_1_388' title='bbox 851 2464 941 2504; x_wconf 80' lang='lat' dir='ltr'><em>qnod</em></span> <span class='ocrx_word' id='word_1_389' title='bbox 962 2468 1042 2506; x_wconf 86' lang='lat' dir='ltr'><em>post</em></span> <span class='ocrx_word' id='word_1_390' title='bbox 1059 2464 1230 2505; x_wconf 76' lang='lat' dir='ltr'><em>quidquid</em></span> <span class='ocrx_word' id='word_1_391' title='bbox 1246 2464 1336 2496; x_wconf 72' lang='lat' dir='ltr'><em>Stat.</em></span> <span class='ocrx_word' id='word_1_392' title='bbox 1357 2465 1435 2497; x_wconf 83' lang='lat' dir='ltr'><em>silu.</em></span> <span class='ocrx_word' id='word_1_393' title='bbox 1459 2474 1472 2496; x_wconf 96' lang='lat'>1</span> <span class='ocrx_word' id='word_1_394' title='bbox 1492 2466 1511 2497; x_wconf 90' lang='grc'>6</span> <span class='ocrx_word' id='word_1_395' title='bbox 1535 2466 1618 2497; x_wconf 81' lang='grc'>12-4</span> <span class='ocrx_word' id='word_1_396' title='bbox 1635 2466 1732 2507; x_wconf 83' lang='lat' dir='ltr'><em>qnid-</em></span> 
     </span>
     <span class='ocr_line' id='line_1_40' title="bbox 192 2514 1738 2558; baseline 0.003 -12"><span class='ocrx_word' id='word_1_397' title='bbox 192 2515 278 2557; x_wconf 82' lang='lat' dir='ltr'><em>quid</em></span> <span class='ocrx_word' id='word_1_398' title='bbox 300 2514 407 2547; x_wconf 83' lang='lat' dir='ltr'><em>nobile</em></span> <span class='ocrx_word' id='word_1_399' title='bbox 433 2515 587 2547; x_wconf 73' lang='lat' dir='ltr'><em>Ponticis</em></span> <span class='ocrx_word' id='word_1_400' title='bbox 617 2515 743 2547; x_wconf 77' lang='lat' dir='ltr'><em>nncelis</em></span> <span class='ocrx_word' id='word_1_401' title='bbox 764 2516 767 2553; x_wconf 96' lang='grc' dir='ltr'>Ι</span> <span class='ocrx_word' id='word_1_402' title='bbox 780 2515 943 2556; x_wconf 76' lang='lat' dir='ltr'><em>fecundis</em></span> <span class='ocrx_word' id='word_1_403' title='bbox 974 2515 1065 2547; x_wconf 68' lang='lat' dir='ltr'><em>cadit</em></span> <span class='ocrx_word' id='word_1_404' title='bbox 1097 2521 1157 2547; x_wconf 73' lang='lat' dir='ltr'><em>ant</em></span> <span class='ocrx_word' id='word_1_405' title='bbox 1188 2515 1278 2556; x_wconf 70' lang='lat' dir='ltr'><em>iuyis</em></span> <span class='ocrx_word' id='word_1_406' title='bbox 1309 2516 1456 2555; x_wconf 70' lang='lat' dir='ltr'><em>Idnmes,</em></span> <span class='ocrx_word' id='word_1_407' title='bbox 1479 2516 1483 2558; x_wconf 87' lang='grc' dir='ltr'>Ι</span> <span class='ocrx_word' id='word_1_408' title='bbox 1505 2518 1596 2558; x_wconf 80' lang='lat' dir='ltr'><em>quod</em></span> <span class='ocrx_word' id='word_1_409' title='bbox 1625 2518 1738 2550; x_wconf 40' lang='lat' dir='ltr'><em>ramis*</em></span> 
     </span>
     <span class='ocr_line' id='line_1_41' title="bbox 186 2566 1741 2612; baseline 0.001 -13"><span class='ocrx_word' id='word_1_410' title='bbox 186 2567 254 2608; x_wconf 78' lang='lat' dir='ltr'><em>pia</em></span> <span class='ocrx_word' id='word_1_411' title='bbox 271 2567 440 2607; x_wconf 61' lang='lat' dir='ltr'><em>germinat</em></span> <span class='ocrx_word' id='word_1_412' title='bbox 460 2566 659 2612; x_wconf 72' lang='lat' dir='ltr'><em>Damascos.</em></span> <span class='ocrx_word' id='word_1_413' title='bbox 708 2567 790 2598; x_wconf 89' lang='lat' dir='ltr'><em>uide</em></span> <span class='ocrx_word' id='word_1_414' title='bbox 809 2567 854 2598; x_wconf 88' lang='lat' dir='ltr'><em>ad</em></span> <span class='ocrx_word' id='word_1_415' title='bbox 878 2568 919 2599; x_wconf 87' lang='grc'><em>68</em></span> <span class='ocrx_word' id='word_1_416' title='bbox 1007 2569 1214 2605; x_wconf 70' lang='lat' dir='ltr'><em>peregrinas</em></span> <span class='ocrx_word' id='word_1_417' title='bbox 1230 2567 1302 2606; x_wconf 69' lang='lat' dir='ltr'><em>GL&#39;3‚</em></span> <span class='ocrx_word' id='word_1_418' title='bbox 1321 2571 1510 2606; x_wconf 82' lang='lat' dir='ltr'><em>peregrina</em></span> <span class='ocrx_word' id='word_1_419' title='bbox 1525 2572 1583 2600; x_wconf 89' lang='lat' dir='ltr'><em>LM</em></span> <span class='ocrx_word' id='word_1_420' title='bbox 1673 2569 1741 2601; x_wconf 80' lang='lat'><em>104</em></span> 
     </span>
     <span class='ocr_line' id='line_1_42' title="bbox 192 2617 1731 2660; baseline 0.002 -10"><span class='ocrx_word' id='word_1_421' title='bbox 192 2620 351 2651; x_wconf 78' lang='lat' dir='ltr'><em>accidere</em></span> <span class='ocrx_word' id='word_1_422' title='bbox 381 2617 546 2660; x_wconf 79' lang='lat' dir='ltr'><em>Scaliger,</em></span> <span class='ocrx_word' id='word_1_423' title='bbox 576 2620 736 2656; x_wconf 82' lang='lat' dir='ltr'><em>accipere</em></span> <span class='ocrx_word' id='word_1_424' title='bbox 767 2617 847 2649; x_wconf 88' lang='lat' dir='ltr'><em>libri</em></span> <span class='ocrx_word' id='word_1_425' title='bbox 937 2618 997 2648; x_wconf 89' lang='lat'><em>105</em></span> <span class='ocrx_word' id='word_1_426' title='bbox 1025 2622 1080 2650; x_wconf 84' lang='lat' dir='ltr'><em>est</em></span> <span class='ocrx_word' id='word_1_427' title='bbox 1106 2622 1164 2656; x_wconf 87' lang='lat' dir='ltr'><em>GL,</em></span> <span class='ocrx_word' id='word_1_428' title='bbox 1196 2630 1261 2651; x_wconf 87' lang='lat' dir='ltr'><em>om.</em></span> <span class='ocrx_word' id='word_1_429' title='bbox 1293 2622 1327 2651; x_wconf 89' lang='grc' dir='ltr'><strong>Μ</strong></span> <span class='ocrx_word' id='word_1_430' title='bbox 1416 2619 1478 2651; x_wconf 90' lang='grc'>106</span> <span class='ocrx_word' id='word_1_431' title='bbox 1504 2629 1643 2659; x_wconf 84' lang='lat' dir='ltr'><em>quoque</em></span> <span class='ocrx_word' id='word_1_432' title='bbox 1670 2624 1731 2660; x_wconf 88' lang='lat' dir='ltr'><em>GL,</em></span> 
     </span>
     <span class='ocr_line' id='line_1_43' title="bbox 193 2668 1730 2714; baseline 0.002 -12"><span class='ocrx_word' id='word_1_433' title='bbox 193 2679 261 2710; x_wconf 81' lang='lat' dir='ltr'><em>que</em></span> <span class='ocrx_word' id='word_1_434' title='bbox 276 2672 311 2702; x_wconf 76' lang='grc' dir='ltr'><strong>Μ</strong></span> <span class='ocrx_word' id='word_1_435' title='bbox 399 2668 550 2701; x_wconf 83' lang='lat' dir='ltr'><em>urbanos</em></span> <span class='ocrx_word' id='word_1_436' title='bbox 566 2669 702 2701; x_wconf 86' lang='lat' dir='ltr'><em>labores</em></span> <span class='ocrx_word' id='word_1_437' title='bbox 720 2669 865 2701; x_wconf 84' lang='lat' dir='ltr'><em>militiae</em></span> <span class='ocrx_word' id='word_1_438' title='bbox 888 2680 997 2712; x_wconf 89' lang='lat' dir='ltr'><em>genus</em></span> <span class='ocrx_word' id='word_1_439' title='bbox 1020 2680 1093 2702; x_wconf 87' lang='lat' dir='ltr'><em>esse</em></span> <span class='ocrx_word' id='word_1_440' title='bbox 1118 2670 1238 2702; x_wconf 81' lang='lat' dir='ltr'><em>Cicero</em></span> <span class='ocrx_word' id='word_1_441' title='bbox 1262 2671 1336 2702; x_wconf 87' lang='lat' dir='ltr'><em>ioco</em></span> <span class='ocrx_word' id='word_1_442' title='bbox 1359 2671 1498 2703; x_wconf 84' lang='lat' dir='ltr'><em>dixerat</em></span> <span class='ocrx_word' id='word_1_443' title='bbox 1513 2682 1576 2714; x_wconf 84' lang='lat' dir='ltr'><em>pro</em></span> <span class='ocrx_word' id='word_1_444' title='bbox 1593 2672 1730 2705; x_wconf 84' lang='lat' dir='ltr'><em>Mureu.</em></span> 
     </span>
     <span class='ocr_line' id='line_1_44' title="bbox 195 2720 1740 2764; baseline 0.001 -10"><span class='ocrx_word' id='word_1_445' title='bbox 195 2722 235 2754; x_wconf 87' lang='lat'><em>19</em></span> <span class='ocrx_word' id='word_1_446' title='bbox 252 2721 339 2753; x_wconf 70' lang='lat' dir='ltr'><em>lianc</em></span> <span class='ocrx_word' id='word_1_447' title='bbox 355 2720 526 2752; x_wconf 84' lang='lat' dir='ltr'><em>urbanam</em></span> <span class='ocrx_word' id='word_1_448' title='bbox 543 2720 705 2752; x_wconf 78' lang='lat' dir='ltr'><em>militiam</em></span> <span class='ocrx_word' id='word_1_449' title='bbox 727 2721 955 2762; x_wconf 77' lang='lat' dir='ltr'><em>respondendi</em></span> <span class='ocrx_word' id='word_1_450' title='bbox 977 2721 1145 2753; x_wconf 79' lang='lat' dir='ltr'><em>scribendi</em></span> <span class='ocrx_word' id='word_1_451' title='bbox 1167 2722 1313 2754; x_wconf 84' lang='lat' dir='ltr'><em>canendi</em></span> <span class='ocrx_word' id='word_1_452' title='bbox 1329 2723 1471 2764; x_wconf 77' lang='lat' dir='ltr'><em>plenam</em></span> <span class='ocrx_word' id='word_1_453' title='bbox 1496 2723 1740 2756; x_wconf 67' lang='lat' dir='ltr'><em>sollicitudinis</em></span> 
     </span>
     <span class='ocr_line' id='line_1_45' title="bbox 194 2771 1733 2817; baseline 0.002 -12"><span class='ocrx_word' id='word_1_454' title='bbox 194 2784 234 2805; x_wconf 83' lang='lat' dir='ltr'><em>ac</em></span> <span class='ocrx_word' id='word_1_455' title='bbox 249 2771 415 2805; x_wconf 75' lang='lat' dir='ltr'><em>stomachi</em></span> <span class='ocrx_word' id='word_1_456' title='bbox 504 2771 564 2803; x_wconf 89' lang='grc'><em>108</em></span> <span class='ocrx_word' id='word_1_457' title='bbox 578 2771 722 2812; x_wconf 74' lang='lat' dir='ltr'><em>frustra</em></span> <span class='ocrx_word' id='word_1_458' title='bbox 739 2773 788 2804; x_wconf 84' lang='lat' dir='ltr'><em>eis</em></span> <span class='ocrx_word' id='word_1_459' title='bbox 805 2772 923 2804; x_wconf 84' lang='lat' dir='ltr'><em>uerbis</em></span> <span class='ocrx_word' id='word_1_460' title='bbox 939 2773 1114 2805; x_wconf 82' lang='lat' dir='ltr'><em>adiectum</em></span> <span class='ocrx_word' id='word_1_461' title='bbox 1132 2784 1220 2815; x_wconf 85' lang='lat' dir='ltr'><em>quae</em></span> <span class='ocrx_word' id='word_1_462' title='bbox 1238 2774 1312 2816; x_wconf 81' lang='lat' dir='ltr'><em>ipsa</em></span> <span class='ocrx_word' id='word_1_463' title='bbox 1328 2785 1390 2817; x_wconf 89' lang='lat' dir='ltr'><em>per</em></span> <span class='ocrx_word' id='word_1_464' title='bbox 1411 2786 1447 2807; x_wconf 88' lang='lat' dir='ltr'><em>se</em></span> <span class='ocrx_word' id='word_1_465' title='bbox 1467 2775 1733 2808; x_wconf 82' lang='lat' dir='ltr'><em>frustrationem</em></span> 
     </span>
     <span class='ocr_line' id='line_1_46' title="bbox 195 2822 1739 2870; baseline 0.002 -13"><span class='ocrx_word' id='word_1_466' title='bbox 195 2823 397 2866; x_wconf 69' lang='lat' dir='ltr'><em>significant</em></span> <span class='ocrx_word' id='word_1_467' title='bbox 423 2834 444 2855; x_wconf 78' lang='lat' dir='ltr'><em>a</em></span> <span class='ocrx_word' id='word_1_468' title='bbox 469 2828 591 2856; x_wconf 83' lang='lat' dir='ltr'><em>nostra.</em></span> <span class='ocrx_word' id='word_1_469' title='bbox 617 2822 783 2865; x_wconf 85' lang='lat' dir='ltr'><em>loquendi</em></span> <span class='ocrx_word' id='word_1_470' title='bbox 810 2824 1055 2866; x_wconf 83' lang='lat' dir='ltr'><em>sentiendique</em></span> <span class='ocrx_word' id='word_1_471' title='bbox 1083 2826 1218 2857; x_wconf 84' lang='lat' dir='ltr'><em>ratione</em></span> <span class='ocrx_word' id='word_1_472' title='bbox 1246 2825 1433 2865; x_wconf 86' lang='lat' dir='ltr'><em>abhorret;</em></span> <span class='ocrx_word' id='word_1_473' title='bbox 1466 2827 1527 2859; x_wconf 85' lang='lat' dir='ltr'><em>sed</em></span> <span class='ocrx_word' id='word_1_474' title='bbox 1554 2827 1605 2859; x_wconf 81' lang='lat' dir='ltr'><em>ita</em></span> <span class='ocrx_word' id='word_1_475' title='bbox 1631 2827 1739 2870; x_wconf 74' lang='lat' dir='ltr'><em>plane</em></span> 
     </span>
     <span class='ocr_line' id='line_1_47' title="bbox 195 2874 1735 2919; baseline 0.002 -11"><span class='ocrx_word' id='word_1_476' title='bbox 195 2876 342 2908; x_wconf 76' lang='lat' dir='ltr'><em>Tacitus</em></span> <span class='ocrx_word' id='word_1_477' title='bbox 358 2875 439 2907; x_wconf 85' lang='lat' dir='ltr'><em>hist.</em></span> <span class='ocrx_word' id='word_1_478' title='bbox 460 2884 490 2907; x_wconf 91' lang='lat'><em>11</em></span> <span class='ocrx_word' id='word_1_479' title='bbox 509 2876 546 2907; x_wconf 91' lang='lat' dir='ltr'><em>ll</em></span> <span class='ocrx_word' id='word_1_480' title='bbox 560 2874 682 2916; x_wconf 83' lang='lat' dir='ltr'><em>prima</em></span> <span class='ocrx_word' id='word_1_481' title='bbox 698 2875 915 2908; x_wconf 80' lang='lat' dir='ltr'><em>consiliorum</em></span> <span class='ocrx_word' id='word_1_482' title='bbox 932 2875 1103 2916; x_wconf 80' lang='lat' dir='ltr'><em>frustra</em></span> <span class='ocrx_word' id='word_1_483' title='bbox 1127 2878 1375 2916; x_wconf 84' lang='lat' dir='ltr'><em>ceciderant,</em></span> <span class='ocrx_word' id='word_1_484' title='bbox 1394 2878 1431 2910; x_wconf 89' lang='lat' dir='ltr'><em>id</em></span> <span class='ocrx_word' id='word_1_485' title='bbox 1447 2882 1501 2911; x_wconf 85' lang='lat' dir='ltr'><em>est</em></span> <span class='ocrx_word' id='word_1_486' title='bbox 1516 2878 1561 2910; x_wconf 88' lang='lat' dir='ltr'><em>ad</em></span> <span class='ocrx_word' id='word_1_487' title='bbox 1579 2879 1735 2919; x_wconf 74' lang='lat' dir='ltr'><em>irritum,</em></span> 
     </span>
    </p>
   </div>
  </div>
 </body>
</html>
