1877 3146
600 98 1083 142 ASTRONOMICON
1125 100 1201 142 III
1618 105 1673 143 59

312 224 397 252 non
417 210 679 266 interpositis
697 210 967 253 turbatarum
986 211 1173 267 undique
1191 211 1403 255 membris.

186 291 257 323 590
311 284 346 326 si
366 283 473 326 bene
492 285 731 328 constiterit
750 285 886 341 primo
905 285 984 327 sub
1004 285 1173 328 cardine
1193 285 1325 337 Luna,

313 372 398 414 qua
416 357 527 401 redit
546 358 590 400 in
609 364 745 401 terras
765 360 961 410 mundus,
983 374 1243 415 nascensque
1260 360 1424 403 tenebit

312 438 521 484 exortum,
545 439 642 476 octo
662 440 775 475 tenor
794 434 930 476 decies
949 433 1128 476 ducetur
1146 435 1190 476 in
1209 449 1342 477 annos

311 507 347 549 si
366 507 452 549 duo
471 507 692 550 decedant.
751 513 811 559 at,
832 522 931 550 cum
949 508 1029 550 sub
1049 509 1231 551 culmine
1248 523 1416 551 summo

312 581 529 632 consistet,
551 581 689 623 tribus
709 582 776 624 hic
795 596 995 624 numerus
1014 582 1282 625 fraudabitur
1300 583 1433 626 annis.

187 662 258 694 595
313 654 378 697 bis
398 655 690 711 quadragenos
711 670 883 698 occasus
902 656 1021 698 diues
1040 656 1083 698 in
1103 662 1224 699 actus

312 729 410 771 solis
430 735 534 780 erat,
557 744 733 772 numero
752 730 832 772 nisi
852 731 1016 773 deesset
1036 731 1242 787 olympias
1261 746 1359 774 una.

132 872 302 913 Venetus,
331 877 564 912 praecognita
590 874 754 916 Scaliger,
783 874 878 917 quod
904 875 1147 908 commendare
1177 876 1320 909 uidetur
1349 876 1445 909 locus
1475 877 1674 909 simillimus

131 933 161 956 11
178 924 284 959 785-7
307 926 496 957 materies
514 925 696 966 primum
720 936 867 965 rerum,
892 926 1025 958 ratione
1047 932 1188 966 remota,
1213 928 1217 968 Ι
1236 928 1409 960 tradenda
1432 933 1489 968 est,
1516 928 1608 961 ratio
1630 929 1674 961 sit

129 985 169 1007 ne
193 980 271 1017 post
297 976 401 1008 irrita
427 987 510 1009 neue
529 977 534 1018 Ι
555 982 758 1018 aryumenta
784 977 883 1010 nouis
906 983 1062 1018 stupeant
1085 979 1260 1011 nascentia
1282 979 1402 1018 rebus3
1437 979 1498 1012 sed
1521 980 1672 1012 alterum

128 1038 267 1069 quoque
294 1031 417 1070 apt-um
442 1039 517 1060 esse
541 1029 735 1061 ostendunt
759 1038 789 1061 11
817 1030 882 1064 752
906 1040 982 1062 cum
1000 1030 1171 1071 perceptis
1195 1031 1321 1063 steterit
1337 1031 1477 1072 fiducia
1502 1031 1672 1072 membris,

131 1079 196 1114 770
225 1089 273 1121 sq.
310 1090 386 1112 cum
415 1080 532 1112 omnia
563 1085 654 1112 certa
673 1081 678 1123 Ι
699 1080 823 1113 notitia
859 1081 1020 1121 steterint,
1054 1082 1216 1124 dixitque
1247 1083 1368 1115 Cicero
1403 1083 1480 1116 bene
1510 1088 1675 1124 percepta

130 1130 175 1162 de
201 1130 274 1163 diu.
294 1139 308 1162 1
326 1132 387 1163 118
476 1131 539 1163 589
565 1135 793 1165 turbatarum
808 1133 840 1172 ὕ,
867 1135 1038 1165 turbatur
1063 1136 1109 1173 Μ,
1133 1137 1326 1166 turbantur
1348 1137 1381 1174 L,
1408 1137 1613 1167 turbabitur
1635 1138 1671 1168 G.

134 1182 311 1214 ‘mixtura
322 1182 329 1196 ’
346 1183 463 1225 inquit
482 1185 490 1200 ‘
501 1187 582 1225 post
603 1184 734 1222 ueniet,
754 1194 832 1216 cum
852 1184 1035 1216 materiem
1055 1196 1171 1217 rerum
1188 1186 1239 1217 ita
1255 1185 1436 1218 tradidero
1452 1190 1493 1218 ut
1509 1197 1566 1218 eas
1582 1187 1675 1219 inter

130 1233 344 1266 tradendum
360 1234 525 1266 membris
541 1235 696 1277 undique
712 1235 932 1277 interpositis
953 1246 1022 1267 non
1044 1236 1183 1268 turbem
1195 1236 1213 1268 ’.
1263 1247 1401 1269 causam
1424 1237 1544 1270 reddit
1561 1249 1623 1270 cur
1639 1239 1675 1271 in

131 1285 331 1328 praesentia
358 1285 402 1317 de
429 1286 542 1318 stellis
569 1287 659 1319 nihil
685 1287 887 1329 praecipere
914 1286 1132 1320 decreuerit:
1160 1289 1324 1320 similiter
1352 1289 1450 1321 155-9
1475 1289 1589 1322 stellae
1606 1314 1613 1322 .
1636 1315 1644 1323 .
1666 1315 1673 1323 .

132 1347 281 1378 quarum
304 1348 361 1378 eqo
379 1338 551 1378 posterius
574 1339 662 1370 uires
680 1363 687 1370 .
709 1363 716 1370 .
738 1363 745 1370 .
765 1339 911 1370 reddam
927 1363 934 1370 .
956 1363 964 1371 .
986 1364 993 1371 .
1014 1349 1113 1379 nunc,
1138 1350 1178 1372 ne
1199 1341 1374 1381 permixta
1396 1341 1556 1382 leyentem
1575 1341 1579 1382 Ι
1600 1352 1675 1373 con-

123 1390 294 1430 fundant,
326 1391 430 1423 nudis
460 1390 545 1423 satis
574 1396 621 1423 est
652 1391 804 1424 insistere
841 1391 999 1424 membris
1087 1391 1181 1433 quod
1219 1392 1372 1424 editores
1408 1393 1570 1434 grauiore
1608 1393 1677 1426 dis-

131 1441 305 1473 tinctione
321 1445 403 1483 post
418 1452 451 1474 u.
471 1443 534 1477 587
551 1443 668 1484 posita
683 1442 878 1475 turbabitur
893 1443 1080 1484 recipiunt,
1100 1453 1169 1475 non
1185 1443 1273 1475 bene
1292 1443 1377 1475 haec
1397 1454 1460 1485 per
1481 1444 1677 1486 asyndeton

132 1492 370 1534 superioribus
391 1493 657 1535 adiunguntur;
681 1505 785 1536 quam
808 1494 1032 1526 offensionem
1055 1497 1097 1526 ut
1121 1495 1253 1526 uitaret
1277 1494 1432 1537 Scaliger
1447 1495 1501 1528 ed.
1524 1497 1539 1527 1
1558 1497 1594 1528 in
1615 1497 1678 1529 illo

131 1555 236 1576 uersu
252 1545 388 1577 ueniens
403 1545 552 1578 nouauit
640 1544 790 1576 590-593
806 1546 959 1587 primum
975 1546 1147 1588 templum
1166 1556 1274 1578 annos
1291 1546 1418 1578 tribuit
1441 1555 1589 1579 LXXVIII

175 1595 237 1626 591
260 1605 332 1635 qua
350 1596 543 1636 Bentleius,
571 1606 640 1635 quo
664 1597 758 1635 libri,
784 1597 844 1629 sed
868 1600 894 1629 G
917 1597 1045 1629 deinde
1071 1600 1194 1630 credit.
1243 1598 1325 1630 uide
1342 1607 1356 1630 1
1372 1600 1414 1631 45
1437 1609 1506 1640 qua
1529 1600 1677 1632 mundus

130 1647 232 1687 redit,
262 1656 292 1679 11
320 1648 396 1687 792,
426 1648 489 1683 827
578 1651 715 1680 tenebit
739 1651 776 1688 G,
805 1652 952 1681 tenebat
978 1651 1037 1680 Lm
1124 1659 1274 1688 nascens,
1301 1660 1456 1691 surgens,
1485 1654 1527 1682 ut
1551 1652 1614 1684 603
1642 1653 1678 1684 et

131 1699 271 1740 passim,
297 1710 510 1741 quamquam
529 1699 573 1731 de
592 1700 692 1731 Luna
713 1700 782 1732 alio
805 1711 909 1732 sensu
930 1701 1014 1742 poni
1038 1700 1139 1739 solet,
1161 1703 1201 1732 ut
1224 1710 1253 1732 11
1279 1701 1350 1733 103.
1399 1701 1534 1734 Lunam
1557 1705 1677 1735 autem

129 1761 207 1783 esse
222 1761 312 1793 quae
327 1754 494 1783 nascatur
514 1755 551 1783 et
574 1755 737 1784 exortum
757 1754 878 1784 teneat
895 1753 992 1791 (tenet
1013 1757 1168 1784 exortum
1185 1761 1214 1784 11
1231 1754 1306 1792 827,
1326 1762 1372 1785 111
1390 1754 1465 1793 181)
1485 1764 1555 1786 non
1576 1755 1678 1796 pueri

132 1801 282 1834 docendi
317 1806 402 1834 sunt
438 1803 500 1835 sed
531 1803 695 1842 editores,
728 1803 846 1845 Fayus
876 1803 1070 1835 Bechertus
1100 1803 1293 1843 Breiterus,
1326 1815 1474 1846 quorum
1505 1805 1558 1837 illi
1588 1807 1679 1838 redit

131 1854 280 1887 mundus
305 1854 489 1896 tenebitque
516 1855 746 1897 coniungunt,
775 1855 832 1887 hic
857 1855 1115 1897 interpretatur
1147 1855 1224 1887 ‘die
1249 1855 1385 1889 Stunde
1415 1857 1510 1889 einer
1540 1857 1679 1891 Geburt

131 1905 215 1938 fane
238 1906 275 1938 in
298 1905 419 1938 diesen
441 1906 547 1938 cardo
559 1906 566 1920 ’
655 1906 719 1937 592
734 1910 813 1939 octo
834 1910 937 1939 tenor
952 1907 986 1945 ἥ,
1004 1909 1148 1939 octonos
1163 1906 1255 1939 libri.
1304 1907 1390 1949 quid
1406 1919 1488 1950 ergo
1504 1909 1679 1942 ducetur?

133 1968 177 1989 an
200 1957 324 1991 Luna?
348 1969 392 1989 an
415 1957 545 1990 cardo?
572 1969 616 1990 an
643 1969 754 2000 usque
776 1969 797 1990 a
819 1969 922 1990 uersu
945 1959 1010 1990 582
1032 1958 1263 2000 repetendum
1286 1959 1356 1991 erit
1378 1963 1524 1994 aeuum?
1612 1961 1677 1993 593

131 2011 163 2040 si
192 2012 227 2048 L,
258 2011 297 2041 ni
327 2012 388 2041 GM
476 2012 648 2042 decedant
677 2009 750 2049 GL2,
784 2012 1022 2042 decidantLM
1110 2010 1196 2042 ordo
1222 2013 1277 2043 est
1303 2016 1374 2044 octo
1400 2012 1519 2052 decies,
1551 2012 1582 2045 si
1608 2014 1677 2045 duo

133 2060 308 2100 decedant,
327 2069 429 2092 LXXX
449 2060 586 2093 duobus
602 2061 727 2093 minus.
776 2061 870 2103 quod
887 2072 979 2093 nunc
1000 2064 1142 2094 auctore
1165 2062 1291 2094 Iacobo
1312 2063 1422 2105 recipi
1438 2067 1601 2106 coeptum
1622 2068 1677 2097 est

132 2111 169 2144 ni
191 2112 354 2144 decedant
376 2113 572 2145 necessario
595 2112 640 2144 ad
664 2112 815 2145 ducendi
837 2113 984 2144 uerbum
1010 2113 1207 2155 spectabit;
1235 2115 1295 2155 qui
1320 2124 1403 2146 uero
1428 2115 1480 2148 ita
1504 2115 1675 2158 loquitur,

131 2164 283 2203 ducetur,
305 2165 344 2196 ni
365 2164 539 2203 decedant,
563 2164 607 2196 de
631 2164 831 2196 decessione
854 2164 1018 2196 dubitare
1039 2164 1204 2197 uidetur:
1229 2169 1364 2197 rectum
1385 2171 1462 2198 erat
1482 2167 1675 2209 duceretur,

132 2214 170 2247 ni
189 2215 394 2254 decederent,
415 2218 457 2248 ut
475 2215 539 2250 576
563 2219 600 2248 et
618 2216 682 2249 596
771 2215 835 2247 594
854 2216 1029 2248 decimum
1048 2216 1219 2258 templum
1240 2227 1349 2249 annos
1370 2218 1500 2251 tribuit
1517 2227 1650 2252 LXXVII
1667 2232 1677 2259 3

130 2266 263 2298 etenim
287 2265 341 2298 hic
365 2277 538 2306 numerus,
561 2266 655 2309 quod
678 2266 833 2309 Scaliger
854 2269 979 2309 poetae
1002 2267 1106 2309 culpa
1130 2276 1277 2300 LXXVIII
1301 2269 1559 2311 interpretatus
1584 2275 1676 2311 erat,

130 2328 195 2360 pro
211 2326 311 2350 LXXX
327 2318 440 2360 accipi
462 2329 563 2360 posse
586 2319 725 2351 monuit
741 2318 886 2351 Ellisius
904 2322 997 2351 noct.
1018 2319 1114 2351 Man.
1135 2330 1167 2360 p.
1191 2321 1249 2351 111
1340 2320 1404 2351 595
1425 2325 1674 2361 quadragenos

133 2369 301 2409 Huetius,
327 2373 577 2408 quadragenus
599 2373 645 2410 Μ,
665 2373 904 2409 quadragenis
927 2373 977 2402 GL
1063 2371 1159 2403 diues
1181 2370 1218 2403 in
1238 2376 1334 2404 actus
1356 2375 1398 2404 ut
1420 2381 1461 2404 Iv
1485 2374 1545 2407 161
1570 2374 1607 2406 in
1629 2379 1677 2407 tot

120 2420 272 2461 secundi
288 2445 296 2453 .
317 2445 324 2454 .
346 2446 353 2453 .
374 2426 560 2453 commenta
661 2427 756 2454 actus
785 2421 875 2461 solis,
910 2423 1042 2454 ἐλάσεισ
1072 2423 1174 2462 ἡλίου,
1207 2423 1273 2455 hoc
1303 2426 1357 2456 est
1387 2434 1506 2464 annos,
1540 2428 1582 2458 ut
1610 2428 1676 2460 580

131 2473 244 2505 lustra
269 2472 358 2512 solis,
389 2474 455 2506 610
480 2484 608 2511 cursus,
638 2482 651 2505 I
678 2475 742 2508 573
769 2473 848 2506 solis
864 2498 872 2506 .
894 2497 901 2506 .
923 2498 930 2505 .
951 2478 1115 2506 eaetremos
1132 2498 1139 2506 .
1159 2499 1167 2507 .
1189 2499 1196 2506 .
1216 2478 1322 2514 actus,
1348 2476 1440 2515 ἡλίου
1462 2478 1589 2518 τροπάσ

176 2524 240 2556 596
255 2527 430 2564 olympias
446 2534 518 2557 una
536 2525 636 2557 codd.
657 2525 749 2558 Flor.
770 2529 807 2558 et
822 2525 937 2558 Bentl.
959 2527 987 2566 δ,
1007 2528 1154 2565 olimpia
1175 2528 1320 2566 (olimpa
1334 2530 1381 2567 Μ)
1403 2531 1490 2560 luna
1504 2532 1588 2561 ΘΒΜ

176 2578 366 2619 septimum
382 2577 554 2620 templum
569 2588 679 2609 annos
694 2577 824 2609 tribuit
840 2586 951 2617 LXXV,
971 2577 1072 2609 Luna
1088 2578 1255 2610 uidelicet
1273 2578 1324 2611 ibi
1344 2581 1551 2620 constituta,
1569 2592 1673 2624 quam

131 2639 210 2660 cum
236 2630 272 2660 in
298 2628 435 2661 duobus
459 2630 741 2661 commemorarit
765 2632 872 2671 poeta
896 2629 933 2661 in
958 2629 1103 2671 reliquis
1127 2630 1268 2672 templis
1298 2631 1422 2663 lectori
1451 2632 1676 2675 cogitandam

132 2680 312 2723 relinquit.
361 2680 565 2722 olympiada
591 2680 746 2723 Scaliger
772 2681 925 2713 Graecos
951 2683 1093 2713 secutus
1119 2681 1390 2724 quadriennium
1419 2683 1676 2727 interpretatus

132 2734 198 2771 est,
231 2732 510 2774 quinquennium
542 2732 826 2772 Bonincontrius,
859 2735 967 2774 atque
997 2732 1048 2764 ita
1078 2732 1152 2765 fere
1181 2738 1307 2775 poetae
1337 2733 1468 2774 Latini,
1498 2736 1560 2777 qui
1589 2747 1677 2778 quos

131 2783 256 2825 quinto
283 2794 421 2826 quoque
447 2794 538 2816 anno
564 2783 641 2816 fieri
668 2784 855 2816 audierant
878 2783 981 2816 ludos
1010 2784 1165 2827 quinque
1192 2796 1363 2818 annorum
1387 2786 1576 2819 interuallo
1600 2787 1677 2820 fieri

132 2834 320 2876 putabant,
349 2835 449 2868 uelut
472 2834 621 2868 Ouidius
644 2846 687 2868 ex
711 2836 812 2868 Pont.
835 2844 875 2868 1v
897 2836 918 2869 6
939 2837 960 2868 5
983 2846 1032 2878 sq.
1053 2836 1091 2868 in
1113 2836 1255 2878 Scythia
1282 2837 1376 2871 nobis
1402 2838 1676 2881 quinquennis
