1877 3146
156 165 211 204 62
752 164 814 207 M.
846 164 982 207 MAN
984 165 1099 207 ILII

212 282 280 315 615
335 290 543 318 annorum
561 276 702 332 spatia
722 281 765 318 et
784 275 1010 318 decumam
1028 276 1166 318 tribus
1186 276 1374 332 applicat
1393 276 1541 318 auctis.

336 349 508 392 inferius
528 364 708 405 puerum
726 349 954 401 interimet,
977 350 1041 392 bis
1059 364 1219 406 sexque
1237 350 1399 406 peracti

336 423 550 466 inmatura
569 424 741 466 trahent
760 424 917 466 natalis
936 439 1112 480 corpora
1132 425 1274 467 morti.

389 498 464 540 sed
482 503 628 540 tamen
648 498 692 539 in
712 498 858 554 primis
878 499 1053 541 memori
1072 504 1174 541 sunt
1194 504 1337 542 mente
1355 497 1545 541 notanda

337 571 531 626 partibus
550 571 740 614 aduersis
760 587 869 628 quae
887 578 1067 629 surgunt
1087 573 1259 616 condita
1277 573 1398 629 signa

213 652 281 684 620
336 644 606 701 diuisumque
623 652 774 688 tenent
794 661 931 703 aequo
950 647 1190 689 discrimine
1209 647 1374 690 caelum
1392 662 1401 698 ;

337 734 446 775 quae
463 720 629 775 tropica
649 720 880 776 adpellant,
903 721 1018 777 quod
1037 721 1082 763 in
1101 721 1182 763 illis
1202 727 1407 777 quattuor
1425 721 1526 763 anni

336 799 530 850 tempora
550 800 776 837 uertuntur
795 795 924 851 signis
943 795 1162 851 nodosque
1181 795 1398 838 resoluunt

158 949 180 970 x
212 939 276 971 330
305 950 355 981 sq.
391 940 481 981 quod
511 945 641 972 natura
670 940 811 973 remittit
833 941 837 983 Ι
857 941 979 974 inuida
1013 942 1094 974 iura
1124 945 1248 982 neqant
1335 940 1397 973 615
1428 943 1600 973 decimam
1637 943 1698 979 GL,

157 993 280 1022 docum
291 994 326 1022 Μ
338 991 473 1034 reliqua
486 1002 608 1024 uersus
621 996 722 1034 parte
735 993 861 1025 omissa
948 993 1002 1025 his
1015 993 1150 1025 duobus
1166 993 1324 1025 uersibus
1337 1004 1416 1025 cum
1427 992 1700 1025 Bonincontrius

158 1041 312 1084 Scaliger
338 1042 529 1075 Salmasius
556 1044 673 1086 Fayus
700 1053 773 1076 X111
803 1055 975 1077 annorum
1004 1055 1189 1077 numerum
1219 1045 1392 1077 contineri
1418 1044 1612 1077 uoluissent
1637 1054 1702 1076 nee

161 1099 280 1125 tamen
304 1094 412 1126 uerba
435 1095 661 1137 interpretati
686 1099 813 1135 essent,
833 1096 1014 1128 Bentleius
1040 1098 1129 1138 ‘quo
1149 1096 1252 1128 modo
1272 1096 1336 1128 hoc
1351 1095 1552 1139 significet',
1571 1095 1700 1138 inquit,

163 1147 246 1177 ‘aut
274 1145 359 1187 quid
386 1147 528 1178 omnino
555 1147 728 1189 significet
755 1148 909 1189 applicat
936 1148 1102 1180 decimam
1128 1148 1236 1180 tribus
1264 1148 1385 1187 auctis,
1414 1150 1556 1189 captum
1586 1157 1701 1179 meum

161 1200 359 1239 exsuperat.
402 1197 495 1240 quod
512 1198 571 1230 alii
588 1202 706 1231 astute
722 1199 991 1241 praeterierunt,
1008 1210 1071 1241 ego
1087 1199 1295 1241 simpliciter
1310 1198 1518 1241 aggrediar‚'
1531 1199 1703 1240 iussitque

158 1249 279 1290 reponi
318 1249 386 1282 hoc
423 1249 513 1282 dena
549 1250 691 1282 remittit
713 1251 717 1291 Ι
736 1261 906 1284 annorum
943 1251 1060 1292 spatia
1090 1256 1119 1283 et
1153 1251 1347 1283 decimum
1383 1250 1491 1283 tribus
1528 1250 1702 1291 ampliat

158 1310 318 1333 annum.
367 1301 429 1333 sed
453 1302 602 1343 requirit
626 1302 716 1334 ratio
739 1313 849 1334 annos
872 1312 1009 1342 xxxm,
1028 1303 1089 1345 qui
1112 1314 1278 1335 numerus
1299 1313 1420 1345 reapse
1442 1303 1536 1334 inest
1558 1301 1703 1334 traditis

157 1351 284 1384 uerbis.
336 1353 443 1385 tribus
473 1354 564 1385 enim
596 1353 773 1386 ablatiuus
803 1357 858 1386 est
889 1366 909 1386 a
939 1355 1062 1386 datiuo
1091 1354 1202 1387 auctis
1227 1365 1428 1396 suspensus,
1456 1354 1542 1386 haec
1567 1356 1697 1393 autem,

160 1404 338 1436 decumam
364 1405 472 1437 tribus
496 1405 650 1446 applicat
676 1406 797 1445 auctis,
826 1406 1027 1448 significant
1056 1406 1225 1448 ‘triginta
1252 1406 1367 1448 spatia.
1396 1405 1512 1438 tribus
1540 1405 1701 1448 augendo

157 1455 313 1497 applicat
351 1457 400 1489 eis
439 1457 623 1489 decumam
659 1458 797 1489 numeri
834 1458 1015 1490 tricenarii
1053 1458 1231 1500 partem':
1270 1468 1394 1500 nempe
1429 1457 1569 1490 deciens
1598 1460 1700 1489 terna

161 1507 310 1548 triginta
348 1511 441 1540 sunt.
505 1510 614 1541 auctis
656 1511 883 1551 participium
921 1511 958 1541 ui
996 1509 1181 1551 temporali
1219 1509 1379 1552 deposita
1415 1508 1561 1541 eandem
1596 1519 1700 1551 quam

161 1560 314 1600 applicat
345 1561 519 1592 actionem
551 1561 794 1593 demonstrat:
833 1562 940 1593 simili
970 1562 1128 1593 oratione
1158 1561 1329 1593 Horatius
1359 1572 1459 1593 serm.
1491 1570 1505 1593 Ι
1530 1561 1552 1593 2
1578 1562 1620 1594 65
1647 1571 1697 1602 sq.

158 1621 287 1651 poenas
303 1611 396 1644 dedic
413 1637 420 1644 .
441 1637 449 1644 .
471 1637 479 1644 .
495 1613 623 1654 puslnis
642 1623 766 1650 caesus,
786 1613 908 1645 Liuius
925 1623 938 1645 1
954 1614 995 1647 37
1015 1615 1029 1645 1
1047 1613 1193 1645 additur
1212 1613 1321 1652 dolus,
1340 1612 1452 1645 missis
1467 1612 1527 1654 qui
1543 1637 1551 1644 .
1573 1637 1580 1645 .
1600 1637 1608 1644 .
1627 1613 1701 1644 uim

157 1663 329 1704 liquorum
347 1688 354 1695 .
376 1688 384 1695 .
405 1688 412 1695 .
434 1665 468 1695 in
490 1663 623 1705 flumen
654 1666 846 1696 conficerent.
905 1664 1082 1705 applicare
1113 1665 1149 1696 in
1180 1675 1217 1696 re
1248 1664 1368 1696 eadem
1399 1663 1576 1696 Martialis
1607 1663 1700 1696 dixit

157 1714 316 1746 uersibus
332 1715 377 1746 ad
393 1716 457 1747 598
474 1715 603 1748 adlatis
619 1725 659 1748 VI
675 1717 716 1748 28
734 1717 752 1749 8
769 1727 820 1758 sq.
912 1716 975 1748 616
989 1718 1138 1748 inferius
1154 1716 1437 1755 Bonincontrius,
1451 1718 1602 1748 interius
1617 1715 1700 1748 libri

243 1768 426 1798 interimet
456 1770 516 1806 GL,
549 1770 587 1799 in
618 1770 652 1798 Μ
682 1767 817 1809 reliqua
848 1778 969 1799 uersus
995 1772 1097 1809 parte
1120 1768 1247 1800 omissa
1335 1777 1403 1806 que
1429 1771 1464 1806 L,
1491 1778 1557 1799 om.
1588 1770 1614 1799 G

201 1820 339 1855 peracti
369 1817 535 1860 Scaliger,
564 1821 720 1857 peractis
751 1822 800 1851 GL
887 1818 950 1850 617
973 1822 1119 1851 trahent
1142 1822 1165 1851 1.
1187 1819 1262 1852 cod.
1282 1819 1453 1858 Venetus,
1480 1821 1630 1851 trahant
1651 1821 1697 1856 Μ,

157 1871 280 1901 trahet
310 1873 336 1901 G
423 1879 571 1909 corpora
601 1869 675 1910 GL2,
708 1879 853 1909 corpore
882 1873 941 1902 ΒΜ
1028 1873 1135 1903 morti
1164 1870 1246 1910 L2M,
1280 1873 1407 1903 mortis
1437 1870 1512 1902 cod.
1526 1869 1697 1909 Venetus,

157 1929 305 1959 morque
327 1924 362 1959 L,
380 1925 522 1954 morbus
539 1925 564 1954 G
655 1922 804 1955 ‘natalis
826 1922 939 1964 prisce
962 1933 1027 1964 pro
1049 1922 1199 1955 ‘natales'
1224 1922 1390 1964 Scaliger,
1415 1926 1521 1964 atque
1544 1921 1596 1954 ita
1618 1921 1701 1954 libri

159 1981 172 2003 1
196 1973 256 2004 601
275 1973 444 2005 seruantis
467 1974 687 2006 nominatiuo
710 1985 803 2006 casu.
852 1974 970 2016 Fayus
993 1978 1030 2006 et
1053 1975 1246 2006 Bechertus
1273 1974 1516 2006 Gemblacensi
1542 1973 1700 2006 obsecuti

158 2026 253 2062 sunt,
279 2024 402 2063 natali,
429 2028 470 2056 ut
493 2026 629 2067 opinor,
655 2025 776 2057 morbo
799 2026 928 2064 tracti;
963 2026 1143 2058 Breiterus
1167 2037 1229 2057 sua
1252 2025 1377 2058 semita
1401 2025 1550 2057 delirare
1573 2025 1700 2057 maluit

244 2078 383 2107 sextum
400 2077 569 2119 templum
587 2088 696 2109 annos
712 2077 840 2109 tribuit
853 2086 909 2109 ΧΠ
997 2077 1147 2108 618-682
1163 2080 1333 2119 quattuor
1346 2078 1484 2119 tropica
1499 2077 1598 2119 signa
1612 2076 1699 2118 quid

159 2125 195 2156 in
215 2127 465 2159 mathematica
488 2131 564 2160 arte
587 2129 730 2161 ualeant
754 2139 790 2160 se
813 2129 937 2161 docere
959 2129 1136 2170 professus
1158 2132 1264 2170 poeta
1282 2128 1478 2160 communia
1500 2131 1641 2160 tantum
1664 2131 1700 2160 et

158 2177 297 2210 infinita
334 2179 480 2221 profert,
514 2191 627 2222 neque
664 2181 737 2212 fere
775 2181 1004 2223 explicatiora
1042 2180 1189 2212 aliorum
1227 2181 1481 2223 astrologorum
1514 2180 1558 2212 de
1587 2191 1628 2212 ea
1663 2191 1699 2212 re

157 2234 346 2272 praecepta
369 2234 463 2270 sunt,
481 2242 630 2273 quorum
649 2243 756 2264 unum
781 2236 817 2265 et
837 2232 989 2265 alterum
1010 2232 1055 2264 ad
1076 2243 1216 2265 uersum
1233 2233 1296 2267 678
1312 2232 1528 2264 adferentur.
1575 2242 1701 2274 nempe

158 2282 194 2313 in
225 2281 293 2314 fine
323 2282 404 2315 libri
434 2294 631 2325 purpureus
661 2295 722 2316 seu
752 2285 870 2326 potius
901 2288 1070 2326 quattuor
1107 2283 1280 2316 coloribus
1313 2284 1504 2316 distinctus
1538 2283 1701 2316 adsuitur

161 2344 308 2375 pannus,
332 2345 444 2376 neque
465 2335 654 2367 admodum
676 2335 843 2374 dextere;
867 2347 945 2368 nam
967 2336 1026 2368 sed
1046 2341 1159 2368 tamen
1181 2335 1388 2378 particulae,
1408 2346 1497 2378 quae
1519 2346 1583 2367 nec
1606 2338 1702 2368 recte

159 2384 204 2416 ad
227 2395 261 2417 u.
288 2387 352 2418 586
376 2397 439 2418 nec
462 2387 565 2418 facile
588 2387 657 2419 alio
680 2387 895 2426 referuntur,
921 2387 1167 2420 tantummodo
1194 2387 1354 2420 fallacem
1381 2388 1531 2427 speciem
1561 2390 1698 2420 senten-

159 2436 288 2468 tiarum
315 2448 351 2469 se
381 2438 504 2470 ordine
534 2438 786 2480 excipientium
812 2439 982 2478 obiciunt,
1016 2439 1190 2481 siquidem
1220 2450 1310 2481 quae
1339 2438 1384 2471 de
1414 2439 1560 2481 tropicis
1589 2438 1699 2481 signis

160 2488 351 2520 traduntur
373 2489 418 2521 ad
441 2490 595 2531 spatium
619 2490 715 2522 uitae
737 2490 827 2522 nihil
850 2491 1030 2532 pertinent
1116 2489 1180 2521 620
1200 2494 1324 2523 tenent
1344 2489 1419 2529 (ΗΡ,
1435 2493 1536 2522 tenet
1554 2492 1613 2522 Lm

201 2539 264 2570 621
288 2540 421 2581 tropica
443 2541 549 2573 etiam
572 2541 843 2583 aequinoctialia
867 2541 1063 2584 significare
1085 2542 1204 2573 monui
1228 2542 1272 2573 ad
1295 2550 1324 2573 11
1346 2541 1407 2576 178
1494 2540 1558 2572 622
1579 2542 1695 2580 nodos,

160 2600 246 2632 quos
269 2600 298 2623 11
322 2592 397 2630 430,
423 2593 498 2631 657,
524 2601 564 2624 IV
590 2594 662 2632 164,
688 2593 752 2626 3‘25
773 2593 941 2626 articulos
964 2593 1172 2635 appellauit,
1201 2594 1401 2631 συνδέσμουσ·
1427 2592 1476 2625 ibi
1502 2592 1615 2626 factos
1638 2592 1700 2626 ubi

159 2653 296 2674 annuus
319 2643 402 2675 solis
425 2655 487 2686 per
508 2645 687 2677 zodiacum
711 2656 832 2677 cursus
856 2645 913 2677 uel
936 2646 1110 2677 aestiuum
1132 2645 1371 2677 brumalemue
1392 2644 1561 2677 circulum
1584 2644 1699 2687 tangit

158 2694 215 2726 uel
235 2698 330 2727 secat
346 2699 567 2737 aequatorem
584 2709 591 2728 :
616 2697 724 2729 schol.
744 2698 846 2729 Arat.
866 2698 929 2732 467
947 2699 974 2729 οἱ
990 2699 1049 2735 μὲν
1065 2699 1209 2738 τροπικοὶ
1226 2698 1360 2736 (κύκλοι)
1379 2698 1460 2728 κατὰ
1481 2698 1544 2728 τὰσ
1564 2697 1698 2736 ἐπαφάσ

159 2747 330 2786 συνέχουσι
353 2748 408 2778 τὸν
433 2749 595 2787 ζῳδιακὸν,
623 2749 638 2780 ό
662 2749 696 2780 δὲ
719 2751 903 2790 ἰσημερινὸσ
925 2750 1005 2781 κατὰ
1029 2750 1134 2788 τομὰσ
1157 2749 1340 2780 συνδέδεται
1365 2748 1411 2788 τῷ
1433 2746 1586 2788 ζῳδιακῷ.
1646 2747 1697 2780 ita.

158 2796 344 2830 Lucretius
365 2807 390 2829 v
408 2799 471 2833 687
493 2809 543 2840 sq.
563 2799 601 2831 id
624 2799 758 2841 siqnum
781 2799 866 2832 caeli
883 2824 890 2832 .
913 2824 919 2832 .
941 2824 948 2832 .
968 2800 1026 2832 ubi
1048 2800 1134 2832 anni
1153 2800 1158 2841 Ι
1177 2800 1304 2832 nodus
1326 2804 1508 2832 nocturnas
1531 2804 1698 2841 exaequat

158 2849 287 2881 lucibus
317 2849 465 2882 umbras.
516 2850 578 2882 hos
605 2851 714 2883 nodos
739 2854 898 2893 tempora
929 2851 1010 2883 anni
1040 2851 1298 2893 praetereundo
1327 2850 1501 2883 resoluere
1530 2850 1698 2883 dicuntur

157 2900 450 2943 quemadmodum
467 2901 567 2934 Vett.
584 2902 663 2934 Val.
683 2913 716 2944 p.
740 2903 801 2936 163
823 2903 887 2935 5-9
907 2904 962 2935 τὸν
986 2905 1076 2942 ἥλιον
1099 2904 1282 2944 εὑρίσκομεν
1306 2904 1372 2935 ἀπὸ
1394 2903 1495 2943 Κριοῦ
1512 2904 1570 2941 τὴν
1594 2904 1699 2943 ἀρχὴν
