1877 3146
634 112 1119 155 ASTRONOMICON
1161 114 1236 155 III
1654 116 1705 153 41

349 224 562 266 diuersam
581 224 624 265 in
643 230 802 267 sortem
820 225 955 267 tantis
976 230 1217 280 mcrgentur
1236 224 1292 265 ad
1310 223 1494 265 umbras.

347 299 450 340 haec
471 299 550 340 erit
571 299 769 340 horarum
788 299 898 341 ratio
917 299 1110 341 ducenda
1131 313 1205 354 per
1225 298 1370 340 orbem

221 378 328 412 417A
350 373 560 426 signorum
578 388 590 414 .·
625 388 736 414 uuuc
759 373 804 414 iu
827 373 1029 414 noscenda
1046 388 1153 428 pone
1176 372 1348 414 laborem

347 447 430 497 illa,
454 452 559 502 quot
578 447 728 489 stadiis
748 447 938 489 oriantur
958 462 1151 503 quaeque
1170 447 1421 501 cadantque.

348 535 457 576 quac
477 535 574 563 cum
594 526 658 563 ter
678 527 851 563 centum
870 521 1055 563 numeris
1074 520 1307 575 uicenaque
1326 524 1535 570 constent,

164 631 264 673 signa
284 642 389 673 quam
409 632 578 664 australia
591 632 608 671 ’,
634 633 694 674 qui
717 633 803 674 quid
827 634 875 664 sit
897 633 933 664 in
956 637 1137 673 utrumque
1159 631 1293 663 nescire
1312 642 1348 663 se
1368 631 1576 673 profitetur;
1600 632 1708 663 ceteri

164 683 232 715 etsi
247 694 317 714 non
333 683 546 725 profitentur
562 685 695 726 pariter
717 685 878 716 nesciunt
902 684 1015 723 (uelut
1036 683 1190 725 Scaliger
1217 686 1225 700 ‘
1239 683 1378 725 oblique
1402 685 1438 715 et
1461 685 1556 714 recte
1570 683 1577 696 '
1601 683 1707 714 inter-

164 736 339 777 pretatus)
371 738 530 776 excepto,
563 735 658 777 quod
686 746 796 777 paene
827 736 964 773 mirere,
1000 735 1170 767 Breitero.
1231 735 1441 776 promiserat
1471 745 1507 766 se
1538 734 1711 766 Manilius

164 796 222 818 uu.
242 786 306 818 386
330 796 379 828 sq.
400 790 436 818 et
460 790 547 828 quot
562 790 747 829 surgerent
770 787 866 819 horis
892 788 992 828 signa
1014 790 1051 818 et
1073 790 1161 828 quot
1184 786 1278 818 horis
1301 785 1466 817 cederent
1489 785 1611 818 eadem
1633 786 1707 818 siue

163 837 365 869 occiderent
382 838 609 877 traditurum,
629 849 776 880 quorum
793 849 871 870 cum
891 839 1042 871 alterum
1062 848 1119 870 uu.
1140 838 1291 870 395-414
1307 837 1538 879 praestiterit,
1557 837 1707 869 alterum

164 889 234 921 iam
257 891 437 931 praestare
460 889 588 928 debet3
620 891 712 922 sicut
735 900 815 921 mox
839 901 896 921 uu.
917 890 982 922 435
1004 899 1054 931 sq.
1075 889 1111 920 in
1134 888 1330 921 stadiorum
1354 889 1503 928 ratione,
1521 892 1707 930 postquam

165 940 208 972 de
224 940 361 972 ortibus
377 941 552 982 exposuit,
568 941 652 973 haec
668 941 770 973 addit
785 941 828 973 de
844 940 1035 979 occasibus,
1051 950 1278 981 conuersaque
1294 942 1407 972 omnia
1422 940 1490 981 leye
1509 939 1514 982 Ι
1535 940 1709 981 accipiunt

159 993 376 1034 perdantque
408 1003 512 1033 pares
543 993 728 1025 cedentia
760 997 873 1025 sortes.
922 993 992 1024 iam
1023 994 1058 1024 iu
1087 997 1279 1033 utrumque,
1306 992 1343 1023 id
1374 995 1429 1023 est
1459 992 1495 1023 in
1521 995 1711 1034 utramque

164 1046 314 1086 partem,
341 1047 381 1075 ut
409 1045 556 1075 maiores
582 1045 779 1076 minoresue
806 1055 922 1076 morae
945 1045 1027 1083 sint,
1055 1047 1091 1075 et
1118 1043 1318 1085 insequenti
1344 1054 1450 1075 uersu
1472 1043 1648 1075 diuersam
1671 1044 1708 1075 iu

164 1100 298 1134 sortem,
318 1095 354 1127 id
376 1099 430 1127 est
449 1096 485 1127 in
509 1097 724 1128 contrariam
746 1099 896 1138 partem,
916 1099 957 1127 ut
980 1096 1132 1127 minores
1155 1106 1219 1137 pro
1242 1094 1433 1126 maioribus
1456 1095 1540 1133 sint,
1559 1095 1706 1126 maiores

163 1157 227 1189 pro
250 1147 456 1185 minoribus,
483 1158 562 1179 cum
585 1148 723 1188 quantis
746 1151 782 1180 et
805 1147 910 1179 tantis
933 1147 1131 1185 adiectiuis,
1158 1157 1247 1189 quae
1271 1146 1405 1178 mediae
1428 1150 1513 1178 sunt
1535 1146 1706 1188 significa-

163 1198 283 1237 tionis,
311 1198 553 1241 coniungenda
580 1202 685 1231 sunt:
721 1199 858 1240 quantis
884 1199 920 1231 in
947 1204 1127 1239 utrumque
1156 1198 1272 1236 moris,
1297 1198 1334 1229 id
1361 1201 1414 1229 est
1441 1208 1546 1239 quam
1573 1198 1708 1239 magnis

164 1261 314 1293 quamue
337 1251 468 1292 paruis,
493 1254 626 1292 quanto
650 1251 706 1282 uel
730 1251 920 1282 maioribus
947 1251 1003 1282 uel
1031 1250 1234 1287 minoribus,
1260 1250 1424 1281 oriuntur
1451 1249 1577 1288 sidera,
1603 1250 1710 1281 tautis

163 1302 201 1334 iu
217 1302 392 1334 diuersam
407 1306 530 1334 sortem
545 1302 661 1341 moris,
677 1302 712 1334 id
729 1306 783 1334 est
800 1306 873 1334 tam
889 1303 1009 1344 paruis
1027 1306 1144 1334 tamne
1161 1301 1306 1343 magnis,
1323 1304 1424 1333 tanto
1440 1301 1497 1333 uel
1514 1301 1707 1333 minoribus

164 1353 221 1385 uel
237 1353 441 1391 maioribus,
463 1353 639 1385 occidunt.
686 1354 810 1395 quouis
832 1357 937 1396 poeta
960 1354 1099 1396 planius
1122 1356 1229 1395 atque
1252 1353 1408 1395 apertius
1430 1352 1599 1384 Geminus
1623 1354 1642 1387 7
1666 1354 1707 1388 37

165 1407 226 1437 ὅσα
241 1407 299 1443 μὲν
315 1407 379 1436 τῶν
392 1406 509 1444 ζῳδίων
526 1408 559 1436 ἐν
577 1407 719 1445 πλείστῳ
741 1407 845 1446 χρόνῳ
867 1407 1048 1444 ἀνατέλλει,
1068 1408 1100 1436 ἐν
1125 1407 1287 1444 ἐλαχίστῳ
1308 1405 1413 1445 χρόνῳ
1431 1406 1525 1443 δύνει,
1546 1406 1605 1436 ὅσα
1623 1406 1657 1436 δὲ
1672 1406 1706 1436 ἐν

164 1458 328 1497 ἐλαχίστῳ
359 1458 461 1497 χρόνῳ
492 1458 697 1497 ἀναφέρεται,
732 1460 765 1488 ἐν
796 1459 939 1497 πλείστῳ
971 1459 1075 1497 χρόνῳ
1107 1458 1190 1487 δύνει
1278 1458 1386 1488 moris
1402 1456 1436 1494 θ’,
1465 1458 1579 1488 modis
1610 1456 1701 1488 libri.

165 1509 307 1540 modum
330 1519 394 1550 pro
413 1519 577 1540 mensura
597 1508 668 1540 dici
691 1519 760 1540 non
784 1509 917 1550 ignom,
936 1509 1035 1540 uelut
1059 1509 1122 1540 235
1145 1519 1195 1550 sq.
1215 1507 1375 1539 dissimili
1397 1507 1509 1548 spatio
1531 1507 1708 1549 uariisque

163 1560 299 1591 dierum
318 1559 322 1600 Ι
344 1559 610 1600 umbrarumque
636 1560 766 1592 modis:
802 1560 891 1591 illud
919 1571 1018 1602 nego,
1045 1564 1107 1591 aut
1133 1558 1244 1591 modis
1267 1562 1330 1590 aut
1352 1559 1519 1590 mensuris
1541 1559 1591 1590 sic
1614 1559 1707 1591 nude

164 1612 318 1653 positum
347 1621 412 1653 pro
439 1611 608 1652 temporis
635 1611 748 1643 modis
778 1612 995 1643 niensurisue
1026 1611 1137 1652 accipi
1163 1621 1274 1652 posse.
1332 1621 1391 1641 eae
1419 1621 1534 1642 morae
1560 1614 1708 1652 possunt

164 1662 348 1704 appellari,
367 1665 408 1693 ut
423 1662 484 1694 341
509 1673 573 1702 pro
595 1662 706 1702 spatio
730 1673 841 1694 mora
864 1673 1010 1703 magma
1034 1663 1151 1700 datur,
1169 1662 1233 1693 349
1250 1672 1298 1703 sq.
1319 1661 1366 1693 sic
1388 1672 1527 1702 parua
1550 1661 1684 1694 dierum
1700 1663 1708 1702 1

164 1713 306 1754 efficitur
328 1723 454 1744 mora.
505 1713 598 1744 idem
622 1713 787 1745 mendum
811 1724 852 1745 ex
870 1713 971 1745 Lucr.
992 1722 1031 1745 V1
1055 1714 1118 1745 453
1142 1712 1289 1744 sustulit
1313 1712 1556 1744 Lachmannus
1643 1712 1708 1743 416

164 1765 340 1797 diuersam
363 1765 400 1796 in
423 1770 545 1796 sortem
568 1764 673 1796 tantis
696 1765 817 1796 eodem
840 1765 912 1797 fere
936 1765 1039 1797 modo
1062 1765 1194 1796 dicitur
1218 1775 1286 1806 quo
1310 1773 1339 1796 11
1363 1765 1424 1796 891
1450 1764 1487 1796 iu
1507 1774 1709 1805 peruersum

164 1816 287 1849 similis
386 1820 594 1854 mergantur
620 1819 679 1855 GL,
706 1819 902 1855 mergentis
928 1820 962 1848 M
1064 1817 1113 1848 ad
1140 1816 1278 1847 umbras
1304 1818 1346 1846 ut
1376 1815 1446 1848 Cic.
1467 1817 1568 1848 Arat.
1589 1816 1631 1847 82
1654 1827 1704 1858 sq.

167 1868 318 1909 Cepheus
333 1868 492 1899 conditur
510 1868 579 1899 alto
599 1867 603 1909 Ι
625 1868 813 1900 lumborum
837 1873 932 1900 tenus
954 1879 977 1899 a
997 1868 1119 1908 palma
1143 1867 1303 1908 depulsus
1327 1867 1374 1898 ad
1397 1867 1545 1906 umbras,
1563 1878 1608 1899 ne
1631 1868 1708 1909 quis

165 1931 243 1952 cum
260 1920 471 1961 Tappertzio
487 1919 524 1951 in
540 1919 707 1961 requirat,
726 1923 767 1952 ut
790 1929 835 1951 111
856 1920 919 1952 343
1029 1919 1092 1951 417
1114 1919 1224 1951 orbem
1241 1919 1374 1950 zodiaci
1484 1919 1578 1951 inter
1591 1919 1656 1951 417
1672 1923 1709 1952 et

165 1971 229 2002 418
259 1982 369 2003 unum
399 1982 540 2003 uersum
571 1971 743 2003 excidisse
774 1971 953 2003 intellexit
983 1971 1132 2003 Iacobus
1168 1972 1262 2010 (non,
1294 1981 1398 2012 quem
1434 1971 1508 2012 ipse
1538 1972 1706 2013 appellat,

164 2023 383 2065 Pingraeus).
447 2023 624 2055 sententia
658 2026 849 2065 utcumque
885 2023 1088 2065 explebitur
1118 2023 1184 2054 hoc
1218 2022 1473 2061 additamento,
1502 2033 1567 2063 per
1597 2023 1708 2055 orbem

163 2074 382 2117 <siyuoram:
404 2085 493 2106 nuuc
515 2074 552 2106 iu
567 2075 737 2107 noscenda
755 2085 845 2116 poue
866 2074 1037 2117 laborem>
1053 2074 1126 2113 illa,
1151 2079 1230 2115 quot
1251 2078 1316 2106 etc.
1335 2086 1344 2113 3
1367 2074 1428 2115 qui
1449 2074 1643 2106 uersiculus
1665 2085 1708 2106 ne

165 2126 221 2157 cui
248 2136 372 2166 parum
399 2125 601 2158 modulatus
628 2125 793 2157 uideatur
817 2125 976 2157 adscribo
1002 2126 1065 2158 261
1093 2125 1265 2157 dimidia:
1293 2127 1339 2157 sic
1369 2125 1406 2157 iu
1436 2126 1610 2157 duodenas
1641 2126 1708 2157 exit

165 2177 335 2218 utrimque
427 2177 490 2207 418
515 2181 643 2209 stadiis
667 2177 740 2210 cod.
763 2177 861 2210 Bodl.
882 2181 918 2209 et
943 2178 977 2208 in
1001 2180 1024 2208 L
1048 2188 1169 2208 manus
1193 2177 1443 2215 recentissima,
1462 2180 1601 2210 standis
1624 2181 1708 2209 GLM

245 2228 309 2259 419
320 2232 377 2260 ter
389 2232 529 2260 centum
539 2232 584 2269 M,
597 2232 796 2261 trecentum
806 2232 856 2260 GL
928 2231 1085 2260 numeris
1097 2228 1170 2267 GL2,
1184 2237 1351 2260 numerus
1363 2231 1421 2260 LM
1494 2231 1619 2260 uicena
1631 2229 1706 2261 cod.

166 2279 275 2318 Flor„
293 2282 412 2311 uicina
428 2283 513 2311 GLM
600 2285 744 2312 constent
761 2280 973 2312 Lucretiano
996 2290 1091 2311 more
1114 2280 1268 2321 positum
1291 2282 1346 2311 est
1367 2290 1432 2321 pro
1450 2279 1527 2318 sint,
1547 2282 1588 2312 ut
1604 2280 1704 2312 Lucr.

166 2340 206 2363 VI
223 2332 284 2363 651
303 2341 407 2372 quam
425 2331 468 2363 sit
487 2333 644 2373 paruula
662 2343 751 2373 pars
774 2337 803 2364 et
824 2342 929 2373 quam
945 2331 1138 2363 multesima
1155 2336 1287 2363 constet.
1336 2332 1472 2373 reliqua
1494 2334 1530 2363 et
1550 2333 1709 2364 oratione

167 2381 332 2422 (debebat
348 2383 439 2413 enim
457 2382 526 2414 dici
541 2385 695 2423 numero)
712 2386 749 2415 et
765 2383 942 2415 sententia
958 2393 1067 2424 praua
1083 2386 1167 2414 sunt
1182 2395 1189 2421 ;
1214 2393 1295 2414 nam
1311 2389 1362 2414 ter
1377 2388 1509 2414 centum
1523 2382 1709 2424 uicenaque

166 2434 215 2465 eis
233 2434 293 2475 qui
309 2433 436 2465 Latine
457 2434 573 2466 sciunt
592 2443 706 2467 cccxx
730 2437 823 2472 sunt,
843 2434 959 2466 stadia
982 2437 1101 2465 autem
1125 2444 1167 2465 ex
1190 2434 1350 2465 uersibus
1371 2434 1500 2468 275-85
1522 2434 1712 2467 didicimus

166 2495 311 2517 numero
336 2495 409 2516 esse
438 2494 568 2517 Dccxx.
617 2489 803 2517 senserunt
831 2486 947 2527 Fayus
974 2485 1167 2527 Pingraeus
1191 2485 1361 2523 Iacobus;
1395 2485 1549 2527 Scaliger
1572 2486 1608 2517 in
1633 2490 1709 2518 toto

167 2537 233 2568 hoc
256 2536 331 2568 loco
354 2547 424 2568 non
447 2540 588 2578 poetam
612 2537 869 2579 interpretatur
892 2537 954 2569 sed
977 2537 1256 2569 commenticiam
1279 2537 1455 2578 quandam
1478 2541 1599 2569 narrat
1615 2541 1651 2570 et
1666 2539 1713 2570 ab

166 2591 242 2633 ipso
259 2590 377 2622 fictam
394 2584 560 2630 fabulam,
580 2593 636 2623 cui
660 2591 763 2623 fidem
788 2591 950 2623 habuisse
973 2591 1116 2623 uidetur
1140 2591 1344 2630 Bentleius;
1369 2592 1548 2624 Breiterus
1567 2603 1710 2635 prorsus

165 2642 421 2674 incredibiliter
444 2647 609 2684 nugatur.
658 2643 952 2685 simplicissimam
979 2643 1176 2685 corrigendi
1201 2644 1373 2675 rationem
1397 2643 1544 2676 Iacobus
1567 2649 1709 2677 secutus

166 2697 232 2733 est,
252 2697 293 2726 ut
316 2705 380 2736 pro
403 2694 523 2726 inutili
542 2695 603 2726 illo
627 2705 666 2726 ac
690 2695 819 2727 uitioso
842 2694 993 2727 numeris
1016 2695 1091 2726 siue
1113 2705 1274 2726 uzcmerus
1297 2695 1599 2728 substituerentur
1621 2707 1711 2738 quae

167 2745 296 2778 desunt
322 2745 438 2778 stadia
465 2754 569 2784 (Σοῦος
604 2747 665 2788 qui
692 2747 785 2788 quod
816 2747 959 2788 scripsit
986 2750 1016 2778 et
1043 2751 1175 2787 quater,
1203 2746 1240 2778 id
1270 2757 1334 2788 pro
1362 2757 1424 2778 sua
1452 2748 1556 2779 metri
1580 2749 1710 2789 peritia

165 2797 262 2837 fecit,
281 2808 361 2830 cum
384 2800 502 2839 posset
524 2802 636 2839 atque.
684 2808 797 2840 neque
820 2798 1025 2830 incredibile
1048 2802 1113 2837 est,
1133 2809 1211 2830 cum
1235 2798 1362 2840 aliquis
1385 2799 1583 2841 explicandi
1607 2811 1712 2831 causa

165 2855 296 2882 centum
322 2849 530 2890 addidisset,
561 2850 598 2882 in
628 2850 693 2882 hac
724 2850 911 2883 uerborum
941 2850 1031 2883 serie
1062 2855 1113 2882 ter
1143 2855 1275 2883 centum
1304 2855 1406 2892 atque
1433 2856 1556 2892 quater
1581 2857 1711 2884 centum
