1877 3146
213 151 269 190 34
810 147 871 189 M.
905 146 1156 189 MANILII

269 267 336 299 350
393 258 571 300 efficitur
591 272 709 299 mora
729 263 772 299 et
792 257 953 299 attritis
973 256 1236 298 consumitur
1256 256 1367 297 horis

393 332 686 388 paulatimque
706 331 828 387 perit,
849 331 989 387 spatio
1009 330 1269 386 fugientibus
1288 330 1424 371 astris.

392 408 611 462 pluraque,
633 420 707 461 per
726 405 861 461 partis
879 405 1088 460 subrupto
1107 410 1310 460 tempore,
1332 404 1450 459 signa

394 486 650 536 quaerentur
669 480 809 522 medio
829 485 967 521 terrae
986 479 1122 521 celata
1141 484 1308 520 tumore

393 554 692 610 abducentque
711 554 837 595 simul
856 554 1077 595 Phoebum
1095 558 1328 608 texentque
1346 552 1556 595 tenebras,

268 638 337 669 355
392 628 606 670 mensibus
627 628 786 683 eruptis
806 628 940 670 donec
959 627 1015 669 sit
1034 627 1183 669 debilis
1203 641 1350 668 annus,

391 703 426 744 si
445 718 546 745 uero
565 708 721 744 natura
738 702 851 744 sinat
871 702 950 743 sub
970 701 1129 743 uertice
1148 701 1264 750 caeli,

393 791 521 833 quem
539 776 700 832 gelidus
720 776 863 832 rigidis
883 776 1006 818 fulcit
1026 775 1299 830 compagibus
1319 775 1422 824 axis,

394 857 586 893 aeternas
605 865 731 906 super
751 851 810 892 ire
830 851 947 892 niues
968 850 1198 904 orbemque
1217 849 1423 904 rigentem

393 940 527 981 prona
547 925 786 980 Lycaoniae
804 930 1071 980 spectantem
1091 923 1280 966 membra
1300 923 1476 978 puellae,

213 1032 242 1064 si
265 1033 344 1074 quis
367 1033 516 1065 ulterius
541 1032 775 1074 progreditur,
795 1031 989 1063 latentibus
1012 1030 1156 1069 eisdem,
1175 1030 1316 1061 omnino
1340 1040 1414 1061 esse
1437 1029 1603 1061 desinunt
1691 1028 1755 1059 350

214 1087 363 1116 efficitur
391 1087 427 1122 G,
454 1086 604 1116 officitur
629 1086 687 1114 LM
786 1085 926 1115 attritis
953 1085 990 1120 G,
1015 1084 1156 1113 attricis
1183 1083 1217 1120 L,
1243 1083 1366 1113 atticis
1393 1083 1426 1112 M
1529 1080 1590 1111 351
1618 1082 1753 1118 fug-ien-

213 1138 312 1167 tibus
326 1137 360 1174 *13
386 1138 606 1173 fulgentibus
633 1134 726 1173 libri,
756 1134 854 1166 cuius
882 1134 1008 1165 erroris
1039 1132 1208 1174 exemplis
1235 1132 1278 1164 ad
1304 1141 1317 1163 1
1342 1133 1406 1164 453
1432 1131 1560 1164 adlatis
1586 1131 1755 1164 accedant

216 1196 260 1219 111
288 1188 351 1219 363
375 1186 554 1227 fuyientz'a
581 1189 676 1223 GLM,
697 1185 875 1226 fulyentia
898 1184 984 1216 Vrb.
1009 1185 1084 1222 667,
1102 1184 1208 1224 Verg.
1234 1184 1321 1215 Aen.
1347 1192 1387 1214 xl
1414 1184 1479 1215 654
1495 1183 1673 1224 fuqientia
1699 1182 1749 1222 M,

205 1238 382 1280 sulyentia
409 1238 452 1278 R,
472 1238 555 1269 Luc.
577 1246 617 1268 IV
646 1238 707 1269 166
729 1236 902 1278 suqientes
929 1237 1048 1275 ceteri,
1069 1235 1241 1276 fulgentes
1268 1235 1344 1266 MZ.
1394 1235 1506 1276 spatio
1527 1234 1753 1275 fuyieutibm,

214 1290 387 1322 crescenti
413 1289 527 1331 spatio
551 1289 705 1320 remotis.
751 1287 843 1328 perit
866 1287 990 1319 statio
1005 1286 1219 1327 fulyentibus·
1243 1286 1346 1318 astris
1371 1285 1536 1327 Scaliger,
1561 1285 1655 1328 quod
1676 1296 1755 1317 cum

214 1341 370 1373 Huetius
399 1340 519 1379 ‘loca,'
546 1340 664 1382 Fayus
695 1339 831 1371 ‘mora'
858 1340 1126 1380 interpretetur,
1156 1348 1220 1379 ego
1246 1337 1385 1369 Bentlei
1411 1337 1519 1369 uerba
1546 1347 1623 1368 mea
1649 1337 1752 1376 facio,

216 1392 324 1434 ‘quid
351 1393 399 1424 sit
426 1392 526 1423 statio
553 1391 645 1432 perit
673 1390 776 1422 astris
802 1401 846 1422 ne
877 1390 1057 1432 concipere
1087 1389 1230 1431 quidem
1260 1399 1411 1430 possum,
1439 1389 1469 1420 si
1498 1389 1625 1421 Latine
1654 1388 1758 1421 modo

216 1443 410 1486 loquamur,
438 1454 508 1474 non
533 1442 706 1474 barbare'.
755 1441 866 1483 spatio
885 1441 1099 1482 szdyentibus
1125 1441 1219 1472 solus
1246 1440 1394 1472 Iacobus
1418 1440 1565 1483 probare
1587 1441 1758 1472 sustinuit

302 1495 366 1526 352
383 1495 493 1536 plura
509 1500 650 1536 praeter
666 1493 917 1536 Capricornum
945 1496 982 1525 et
1006 1492 1249 1533 Sagittarium,
1269 1492 1445 1534 Aquarius
1462 1491 1626 1534 Scorpius
1642 1492 1760 1524 Pisces

216 1547 323 1579 Libra
411 1549 584 1584 subrupto
607 1544 717 1584 GL2M,
736 1548 884 1577 subruto
908 1548 941 1583 L,
960 1544 1116 1586 subrepto
1140 1544 1267 1586 Fayus.
1316 1544 1479 1585 subrupto
1494 1554 1514 1575 a
1530 1543 1758 1586 subripiendo

216 1602 253 1630 et
277 1609 310 1630 u.
337 1598 401 1630 355
425 1597 554 1638 erupti-s
576 1597 772 1639 probarunt
799 1601 835 1629 et
863 1596 1018 1638 Scaliger
1044 1599 1080 1628 et
1107 1595 1323 1627 Ritschelius
1346 1606 1463 1637 opusc.
1491 1604 1531 1627 lv
1552 1605 1610 1637 pp.
1638 1596 1678 1631 67
1702 1606 1752 1637 sq.

216 1660 255 1681 ac
271 1653 456 1690 surruptus
471 1648 614 1691 quidem
631 1648 753 1687 (etiam
770 1647 832 1679 ubi
854 1650 1004 1679 metrum
1024 1651 1162 1687 surptus
1181 1646 1329 1678 formam
1347 1647 1512 1688 requirit)
1528 1652 1756 1688 surrupturus

215 1700 447 1742 suwupticius
477 1710 661 1740 surrupere
690 1698 918 1739 surrupuisse,
946 1709 1035 1740 quae
1066 1699 1102 1730 in
1133 1697 1360 1740 praecedenti
1390 1697 1527 1740 syllaba
1557 1709 1581 1730 u
1610 1698 1752 1738 habent,

216 1753 310 1795 apud
332 1752 497 1784 Plautum
519 1751 649 1793 passim
672 1751 904 1782 inueniuntur
927 1761 966 1782 ac
989 1750 1109 1792 paucis
1133 1750 1301 1791 exemplis
1323 1750 1431 1781 etiam
1453 1749 1560 1788 alibi;
1584 1760 1755 1792 nusquam

216 1807 409 1847 praeterea,
429 1803 523 1846 quod
547 1804 666 1842 sciam,
686 1808 847 1844 eruptum
876 1806 938 1834 aut
962 1813 1134 1844 nusquam
1158 1805 1220 1833 aut
1243 1801 1420 1833 rarissime
1443 1804 1571 1840 cetera,
1590 1801 1758 1842 abruptus

217 1860 382 1896 arruptus
406 1860 585 1896 corruptus
612 1855 777 1895 deruptus
803 1853 964 1894 diruptus
982 1858 1193 1894 praeruptus
1212 1857 1411 1893 proruptus
1461 1857 1592 1893 ereptus
1616 1852 1758 1885 Manilii

217 1907 353 1940 codices
376 1916 422 1939 111
448 1908 498 1946 15,
521 1907 571 1945 19,
590 1915 615 1937 v
637 1906 713 1944 252,
733 1905 825 1937 idem
847 1915 887 1937 1v
910 1906 973 1938 643
997 1904 1146 1946 abreptis
1165 1905 1223 1936 ubi
1242 1904 1434 1946 requiritur
1449 1904 1606 1945 abrupti-e
1693 1904 1756 1936 353

217 1962 436 1996 quaerentur
460 1962 505 1997 Μ,
528 1962 750 1996 quaeruntur
774 1960 824 1989 GL
911 1961 1029 1989 terrae
1053 1956 1218 1998 Scaliger,
1239 1959 1398 1994 tempore
1421 1958 1516 1995 GLM,
1535 1955 1628 1998 quod
1653 1957 1757 1988 metri

217 2021 322 2043 causa
339 2012 374 2042 in
391 2021 512 2042 uersus
529 2010 672 2041 initium
695 2008 882 2041 transtulit
902 2007 939 2040 L2
958 2008 1076 2050 ibique
1092 2008 1245 2039 correxit
1261 2007 1436 2049 Scaliger3
1459 2018 1582 2039 uerum
1598 2007 1756 2039 ordinem

218 2062 399 2094 Bentleius
426 2061 587 2093 restituit
673 2064 813 2093 tumore
837 2060 912 2091 cod.
932 2060 1024 2091 Flor.
1045 2062 1081 2091 et
1104 2059 1140 2091 in
1165 2062 1188 2090 L
1212 2069 1334 2090 manus
1361 2058 1610 2098 recentissima,
1628 2061 1756 2092 timore

217 2117 310 2145 GLM.
361 2123 374 2145 1
404 2113 468 2145 219
498 2123 548 2154 sq.
575 2112 750 2153 medioque
780 2117 908 2143 tumore
929 2112 932 2151 Ι
954 2111 1104 2152 eripiunt
1135 2115 1246 2142 terrae
1275 2111 1405 2142 caetum
1492 2109 1556 2141 354
1581 2113 1757 2143 abducent

218 2166 530 2207 Regiomontanus,
563 2167 740 2195 adducent
769 2163 851 2195 libri
951 2167 1071 2201 terent,
1104 2164 1292 2194 contexerit
1323 2164 1359 2193 et
1389 2161 1659 2201 continuabunt,
1692 2163 1756 2195 366

218 2217 378 2250 contextis
408 2217 548 2255 lucibus,
575 2217 639 2250 373
669 2216 806 2256 iuvisset.
829 2215 1037 2247 ..tenebras
1151 2214 1212 2245 355
1243 2214 1367 2254 ereptis
1396 2214 1524 2255 Fayus,
1552 2215 1645 2256 quod
1676 2225 1754 2247 cum

218 2269 380 2301 Bentleio
395 2268 514 2310 probo.
563 2278 698 2299 menses
715 2267 804 2309 eripi
820 2278 899 2298 cum
916 2266 1015 2305 dicit,
1034 2266 1114 2298 uult
1129 2276 1187 2297 eos
1203 2269 1298 2297 totos
1314 2265 1350 2296 in
1366 2265 1521 2297 tenebris
1537 2267 1658 2309 peragi

261 2320 411 2352 356-384
441 2320 576 2351 Gemin.
604 2320 623 2351 6
653 2321 692 2351 15
720 2321 823 2359 πέρασ
850 2320 881 2350 δέ
910 2320 978 2350 ἐστί
1005 2330 1058 2349 τισ
1085 2319 1174 2357 χώρα
1202 2319 1325 2357 ἐσχάτη
1357 2318 1440 2357 πρὸσ
1471 2319 1584 2358 ἄρκτον
1615 2319 1754 2357 κειμένη,

218 2374 250 2404 ἐν
275 2371 294 2413 ᾗ
319 2373 334 2403 ὁ
357 2374 415 2410 μὲν
439 2373 544 2403 πόλοσ
566 2372 646 2402 κατὰ
664 2372 803 2411 κορυφὴν
820 2372 955 2410 γίνεται,
974 2372 1030 2401 τοῦ
1054 2371 1088 2400 δὲ
1111 2371 1262 2408 ζῳδιακοῦ
1287 2371 1402 2400 κύκλου
1425 2370 1459 2407 ἒξ
1481 2368 1575 2409 ζῴδια
1599 2370 1677 2410 ὑπὲρ
1699 2371 1754 2401 τὸν

220 2425 362 2465 ὁρίζοντα
388 2424 667 2463 ἀπολαμβάνεται,
686 2425 719 2461 ἒξ
744 2424 777 2453 δὲ
803 2423 863 2453 ὑπὸ
887 2423 942 2453 τὸν
969 2421 1112 2462 ὁρίζοντα
1138 2422 1365 2458 ἀποτέμνεται·
1387 2419 1407 2459 ἡ
1429 2422 1569 2460 μεγίστη
1596 2422 1631 2453 δὲ
1654 2421 1755 2463 ἡμέρα

219 2476 294 2516 παρ’
311 2477 423 2507 αὑτοΐσ
439 2476 625 2514 ἑξαμηνιαία
641 2476 778 2515 γίνεται,
797 2473 916 2512 όμοίωσ
936 2475 969 2504 δὲ
989 2475 1041 2504 καὶ
1060 2472 1079 2511 ἡ
1099 2473 1163 2510 νύξ,
1184 2472 1274 2504 Ptol.
1295 2476 1388 2513 synt.
1408 2481 1438 2504 ΙΙ
1454 2473 1474 2503 6
1490 2472 1593 2504 Heib.
1614 2483 1671 2515 pp.
1694 2474 1756 2506 116

218 2537 283 2569 sq,
303 2527 431 2560 Cleom.
452 2535 465 2557 1
489 2528 508 2561 7
534 2526 602 2565 (38)
692 2525 753 2556 357
778 2524 909 2566 rigidas
933 2525 1008 2556 axis
1032 2534 1213 2565 compages
1236 2524 1351 2555 nullas
1373 2534 1446 2555 esse
1468 2524 1600 2566 optime
1616 2535 1651 2556 se
1667 2525 1756 2556 scire

218 2581 322 2620 poeta
345 2577 502 2609 ostendit
526 2586 539 2609 1
561 2577 692 2609 285-93
779 2576 842 2606 358
865 2576 1028 2616 rz'gyentem
1051 2585 1114 2616 pro
1138 2575 1313 2607 adiectiuo
1340 2577 1405 2613 est,
1430 2578 1471 2606 ut
1497 2585 1639 2617 prorsus
1661 2579 1757 2608 recte

217 2631 291 2661 sine
315 2629 560 2660 coniunctione
587 2628 782 2660 subiciatur
810 2632 1013 2668 spectantem
1039 2627 1263 2668 participium
1354 2625 1417 2657 359
1442 2635 1555 2665 prona
1577 2630 1611 2658 Μ
1633 2629 1670 2659 et
1692 2638 1756 2669 pro

217 2691 291 2712 uar.
313 2691 376 2712 scr.
401 2683 426 2712 G
453 2691 544 2711 man.
570 2681 585 2711 l
615 2683 651 2711 et
678 2678 725 2717 1.²‚
747 2681 864 2717 prima
886 2681 936 2710 GL
1022 2680 1171 2709 licaonie
1194 2681 1239 2716 M,
1257 2679 1450 2709 licaonicae
1473 2680 1522 2709 GL
1608 2688 1754 2719 pronam

216 2734 380 2773 spectant
411 2732 545 2763 Arcton
572 2731 633 2772 qui
659 2730 728 2762 nisi
756 2730 959 2771 resupinato
985 2739 1045 2760 ore
1073 2739 1142 2760 non
1172 2731 1343 2770 spectant,
1370 2727 1406 2759 id
1433 2728 1526 2770 quod
1553 2728 1635 2760 solis
1661 2729 1755 2761 circa

216 2783 336 2825 polum
367 2782 610 2814 habitantibus
641 2792 707 2813 usu
738 2782 848 2820 uenit,
883 2791 961 2812 cum
992 2781 1120 2812 nostris
1157 2790 1197 2811 ea
1232 2779 1432 2822 regionibus
1461 2779 1507 2811 ad
1538 2779 1754 2813 horizontem

215 2845 325 2876 usque
341 2833 541 2866 descendat.
591 2833 642 2865 ita
665 2836 759 2865 recte
784 2832 958 2874 Scaliger:
993 2831 1125 2863 frustra
1152 2831 1332 2863 Bentleius
1355 2831 1493 2863 collatis
1516 2830 1618 2864 Ouid.
1639 2836 1720 2864 met.
1742 2841 1755 2864 1

215 2887 268 2925 84,
288 2894 317 2917 11
341 2886 414 2924 477,
435 2884 526 2918 Stat.
547 2884 655 2916 Theb.
676 2893 715 2915 vr
738 2885 815 2920 276,
840 2894 952 2924 prona
978 2882 1235 2924 interpretatur
1262 2892 1330 2914 non
1353 2881 1491 2924 puellae
1514 2883 1582 2914 iam
1607 2882 1754 2916 formam
