1877 3146
188 152 244 190 48
786 151 846 194 M.
880 151 1132 194 MANILII

369 268 412 304 et
432 263 570 305 media
591 264 784 319 aequatis
805 270 1028 306 censentur
1046 265 1208 306 uiribus
1228 271 1355 307 astra.

369 338 717 393 [praecipuosque
736 344 888 394 gerunt
906 339 1112 380 uarianda
1132 339 1187 380 ad
1205 345 1400 394 tempora
1421 342 1595 393 motus]

369 412 448 452 hac
466 412 559 453 uice
578 412 840 454 descendunt
859 417 1005 454 noctes
1025 427 1050 454 a
1069 413 1204 454 sidere
1223 413 1399 454 brumae

367 486 661 540 tollunturque
680 486 781 536 dies,
803 486 988 541 annique
1007 487 1236 529 inuertitur
1256 487 1380 538 orbis,

243 566 312 597 480
368 560 599 601 solstitium
617 560 730 602 tardi
750 561 855 601 dum
873 561 923 602 fit
942 560 1022 602 sub
1041 561 1175 602 sidere
1195 561 1343 603 Cancri
1362 577 1371 613 ;

368 639 548 688 tumque
567 634 680 675 diem
700 634 876 676 brumae
895 650 981 676 nox
1000 641 1170 690 aequat,
1191 641 1386 690 tempora
1405 636 1542 677 noctis

369 708 493 763 longa
513 708 614 758 dies,
636 709 846 763 similique
865 709 988 759 redit,
1011 724 1095 764 quo
1115 715 1317 760 creuerat,
1340 716 1450 752 actu.

422 782 492 822 illa
513 783 644 823 etiarn
663 783 820 838 poterit
841 798 1016 824 nascens
1036 784 1106 824 uia
1126 784 1278 825 ducere
1297 784 1353 825 ad
1373 790 1536 826 astrum

370 856 484 910 quod
505 857 760 912 quandoque
780 858 901 899 uadis
923 858 1122 899 emissum
1140 858 1332 900 redditur
1351 858 1452 900 orbi.

185 978 373 1020 Aquarius,
407 980 566 1021 aequatis
597 980 733 1012 uiribus
764 985 973 1019 censentur3
1007 982 1092 1012 item
1119 981 1246 1020 media,
1277 982 1379 1013 Aries
1403 986 1440 1013 et
1463 981 1590 1013 Pisces.
1639 982 1730 1013 male

186 1029 367 1062 Bentleius
390 1042 469 1062 eum
500 1031 778 1073 Regioniontano
809 1034 1004 1075 grauiorem
1036 1034 1299 1065 distinctionem
1331 1038 1413 1076 post
1437 1034 1575 1075 snlqent
1605 1034 1730 1076 ponit3

183 1081 234 1113 sic
264 1082 356 1113 enirn
384 1082 523 1115 diuerso
546 1094 649 1116 sensu
679 1085 880 1124 respondent
912 1096 954 1116 ex
985 1085 1224 1127 superioribus
1251 1085 1466 1117 audiendum
1497 1086 1576 1125 erit,
1610 1088 1652 1117 ut
1682 1086 1730 1117 sit

185 1134 387 1174 respondent
409 1135 497 1166 inter
515 1146 547 1167 se
634 1135 698 1167 476
723 1141 897 1168 censentur
912 1140 953 1168 ut
968 1138 1029 1171 127
1116 1137 1179 1168 477
1204 1148 1246 1169 ex
1264 1138 1327 1170 385
1343 1137 1530 1169 confictum
1547 1137 1729 1169 Bentleius

186 1184 330 1224 deleuit,
346 1187 558 1218 sententiam
575 1187 662 1218 falso
679 1188 897 1226 criminatus,
916 1199 1004 1230 quae
1020 1188 1153 1230 optima
1169 1191 1222 1221 est
1240 1191 1332 1228 (nam
1349 1190 1501 1221 maxima
1517 1189 1553 1220 in
1569 1188 1730 1221 Piscibus

186 1241 222 1268 et
239 1238 360 1269 Ariete
377 1238 592 1270 incrementa
607 1238 683 1270 fieri
702 1239 805 1271 modo
827 1239 943 1271 edocti
967 1242 1113 1279 sumus),
1132 1240 1261 1272 maiore
1285 1252 1363 1272 cum
1384 1242 1499 1282 specie
1520 1241 1728 1280 orationem,

184 1293 304 1329 qerzmt
319 1294 428 1321 motus
441 1302 450 1328 ;
474 1301 598 1331 neque,
614 1293 654 1321 ut
671 1290 811 1327 debent,
827 1291 873 1322 ad
889 1291 962 1322 sola
977 1291 1092 1323 media
1108 1297 1204 1323 astra
1217 1292 1301 1323 haec
1315 1292 1423 1324 uerba
1434 1292 1556 1324 referri
1568 1295 1728 1334 possunt,

186 1350 264 1371 cum
282 1340 342 1372 illa
358 1341 515 1382 aequatis
530 1346 704 1373 censentur
720 1342 852 1374 uiribus
863 1344 998 1384 pariter
1015 1343 1058 1374 ad
1075 1343 1230 1374 Taurum
1252 1346 1289 1375 et
1310 1344 1506 1385 Aquarium
1527 1344 1731 1385 pertineant

271 1391 335 1422 478
350 1395 417 1424 hac
433 1392 505 1431 GL2‚
521 1395 606 1424 haee
622 1396 690 1424 LM.
739 1395 821 1433 uice,
847 1394 1098 1426 acceleratione
1119 1405 1159 1426 ac
1183 1405 1303 1426 rursus
1324 1395 1565 1427 retardatione
1588 1394 1729 1427 damno-

186 1452 263 1473 rum
363 1447 581 1476 descendunt
617 1444 812 1484 Bentleius,
852 1448 1037 1477 discedunt
1076 1445 1168 1484 libri,
1210 1446 1309 1478 cuius
1346 1447 1485 1485 erroris,
1525 1447 1586 1488 qui
1623 1456 1732 1488 prope

186 1494 365 1526 sollemnis
395 1499 460 1534 est,
497 1496 658 1536 exempla
688 1496 796 1528 attuli
834 1496 879 1528 ad
910 1506 939 1528 11
971 1498 1044 1529 460.
1094 1497 1169 1528 dies
1199 1508 1219 1528 a
1249 1497 1373 1529 bruma
1404 1498 1577 1536 tolluntur,
1612 1497 1649 1529 id
1675 1501 1731 1529 est

186 1546 402 1578 attolluntur
426 1547 528 1586 (459),
555 1551 705 1589 surgunt
730 1548 815 1587 (240,
842 1549 918 1587 263,
942 1549 1032 1587 443),
1058 1554 1220 1581 crescunt
1245 1549 1332 1588 (282,
1352 1551 1441 1588 412),
1465 1553 1585 1581 noctes
1609 1552 1732 1581 contra

186 1597 400 1637 descendum,
428 1599 464 1630 id
488 1602 542 1630 est
565 1598 698 1631 cadunt
722 1599 826 1639 (263),
848 1599 1055 1632 decrescunt
1078 1602 1190 1640 (414):
1215 1602 1267 1632 ita
1284 1601 1397 1633 Varro
1418 1612 1478 1633 r.1·.
1499 1610 1513 1633 1
1534 1602 1576 1633 24
1592 1603 1612 1634 3
1632 1611 1730 1642 quem

188 1648 334 1688 (factum
354 1650 434 1689 olei)
455 1650 521 1682 alii
542 1658 617 1681 CLX
637 1653 733 1682 aiunt
756 1661 820 1683 esse
842 1651 1046 1690 modiorum,
1071 1651 1135 1683 alii
1155 1651 1206 1683 ita
1224 1652 1337 1684 minus
1355 1663 1517 1693 maynum
1535 1657 1572 1685 ut
1588 1653 1636 1685 ad
1653 1660 1732 1684 CXX

186 1701 376 1734 descendat.
426 1702 629 1735 discedendi
646 1702 792 1734 uerbum
808 1703 919 1734 nihilo
935 1703 1098 1735 noctibus
1114 1714 1219 1745 quam
1236 1704 1359 1736 diebus
1375 1704 1493 1746 aptius
1512 1708 1577 1742 est,
1594 1705 1732 1737 neutris

187 1752 407 1794 aptissimum
495 1764 518 1787 a
538 1757 653 1786 sidere
674 1754 840 1796 Scaliger,
862 1757 908 1786 ad
929 1757 1046 1786 sidera
1067 1754 1147 1786 libri
1167 1759 1208 1787 ut
1229 1757 1303 1787 288.
1353 1756 1530 1788 discedunt
1552 1761 1661 1789 noctes
1682 1758 1731 1790 ad

186 1803 304 1836 sidera
330 1805 469 1838 brumae
496 1818 576 1839 cum
603 1806 771 1839 Stoebero
797 1807 956 1838 seruauit
980 1806 1170 1845 Breiterus,
1202 1806 1245 1838 de
1272 1808 1429 1839 noctium
1460 1818 1480 1839 a
1510 1808 1662 1840 solstitio
1685 1808 1731 1841 ad

187 1854 347 1888 brumam
367 1859 563 1891 accretione
586 1859 864 1900 interpretatus3
893 1858 922 1889 is
946 1868 1029 1890 uero
1054 1858 1165 1890 multa
1188 1858 1422 1890 Hannouerae
1445 1858 1620 1891 didicerat
1642 1870 1732 1902 quae

189 1906 321 1940 Romae
351 1910 615 1951 ignorabantur,
648 1910 749 1942 uelut
779 1910 945 1941 tolluntur
975 1920 1048 1941 esse
1082 1910 1251 1941 ‘nehmen
1278 1910 1353 1949 ab',
1379 1911 1558 1943 solstitium
1588 1922 1664 1943 cum
1685 1911 1732 1952 fit

191 1961 290 1990 ‘vom
317 1959 516 1993 Solstitium
540 1961 603 1993 an’
627 1960 822 2003 significare
911 1960 976 1991 480
998 1963 1082 1992 dum
1105 1961 1270 2003 Scaliger,
1296 1970 1375 1993 cum
1398 1961 1489 1994 libri.
1538 1963 1732 1995 inuertitur

187 2011 271 2042 anni
287 2011 380 2044 orbis
396 2023 458 2054 per
475 2023 533 2045 sex
551 2023 686 2044 menses
702 2023 722 2044 a
737 2013 862 2044 bruma
874 2023 983 2054 usque
1000 2012 1045 2044 ad
1061 2012 1264 2051 solstitium,
1279 2013 1372 2055 quod
1389 2024 1467 2045 cum
1482 2013 1536 2052 fit,
1551 2014 1646 2046 orbis
1662 2014 1731 2046 iam

188 2073 257 2094 non
275 2064 468 2096 inuertitur
489 2065 549 2097 sed
570 2065 731 2096 inuersus
753 2068 816 2096 est.
864 2064 929 2096 263
951 2075 1000 2106 sq.
1021 2065 1148 2096 cadunt
1168 2070 1277 2097 nocte-3
1297 2070 1504 2106 surynntqne
1527 2065 1562 2097 in
1577 2071 1732 2107 tempora

188 2114 276 2146 luces
298 2114 301 2156 Ι
321 2116 397 2147 don
405 2127 441 2148 ec
458 2117 505 2148 ad
520 2117 674 2148 ardentis
685 2121 889 2157 puynarunt
906 2115 1022 2148 sidera
1041 2116 1166 2149 Cancri
1246 2116 1342 2148 tardi
1356 2120 1501 2159 propter
1513 2117 1705 2150 solstitium
1722 2130 1730 2157 ;

189 2166 270 2198 uide
297 2176 311 2198 1
336 2168 478 2207 568-70,
509 2177 538 2200 11
564 2169 627 2201 201
656 2179 705 2210 sq.
798 2167 860 2198 481
876 2167 941 2198 482
964 2168 1147 2200 Bentleius
1174 2167 1340 2200 delendos
1367 2169 1515 2208 censuit,
1541 2169 1577 2201 in
1604 2169 1733 2212 quibus

189 2222 328 2260 praeter
344 2219 582 2251 soloecismum
599 2231 619 2250 a
635 2219 915 2261 Regiomontano
939 2223 975 2251 et
999 2219 1175 2261 Scaligero
1199 2219 1377 2251 sublatum
1401 2220 1490 2252 nihil
1512 2221 1615 2252 uideo
1636 2221 1731 2263 quod

189 2269 345 2302 offendat
417 2271 479 2301 481
503 2275 658 2309 tuncque
673 2271 755 2302 libri
829 2270 893 2301 482
917 2273 1027 2302 simili
1043 2270 1208 2312 Scaliger,
1227 2273 1354 2302 similis
1369 2271 1451 2303 libri
1526 2281 1594 2309 quo
1607 2272 1731 2314 Regio·

190 2325 385 2362 montzmus,
405 2332 513 2361 quam
529 2323 621 2355 libri.
671 2325 753 2354 actu
770 2322 875 2354 simili
892 2323 965 2354 eius
981 2326 1081 2354 actus
1092 2333 1160 2364 quo
1177 2326 1348 2362 creuerat,
1361 2333 1454 2354 nunc
1471 2323 1625 2355 tardiore
1637 2334 1731 2356 nuno

189 2374 377 2406 celeriore:
412 2374 493 2406 uide
517 2383 545 2406 11
571 2375 645 2412 353,
673 2383 719 2405 111
742 2375 816 2406 493.
874 2373 957 2406 Luc.
986 2383 1026 2405 IX
1051 2375 1094 2406 30
1117 2384 1166 2415 sq.
1197 2385 1282 2415 quas
1310 2376 1456 2416 (partes)
1482 2385 1520 2407 ne
1538 2385 1605 2416 per
1627 2375 1732 2407 litora

180 2424 286 2465 sasas
308 2425 311 2466 Ι
331 2425 497 2466 colliyeret
520 2427 670 2467 rapido
693 2426 841 2458 uictoria
867 2425 1025 2457 Caesaris
1048 2430 1151 2464 actu,
1178 2425 1279 2457 Lucr.
1308 2435 1353 2457 111
1379 2427 1437 2458 191
1463 2437 1513 2468 sq.
1542 2427 1651 2459 mellis
1667 2452 1674 2459 .
1692 2452 1700 2460 .
1723 2451 1731 2459 .

186 2476 285 2517 ρίαν-ι’
299 2477 415 2510 latices
430 2477 541 2517 massis
563 2482 592 2509 et
616 2477 883 2510 cunctantior
905 2482 1041 2515 aetus;
1066 2488 1145 2508 nam
1168 2477 1247 2509 Tac.
1269 2477 1350 2510 hist.
1372 2487 1385 2509 1
1404 2478 1444 2509 1‘2
1460 2477 1497 2510 in
1515 2478 1588 2510 dies
1603 2484 1731 2520 quanto

190 2528 369 2568 potentior,
403 2529 518 2561 eodem
547 2534 626 2560 actu
658 2528 802 2560 inuis-2²02·
832 2533 905 2560 erac
936 2532 1056 2570 aperte
1087 2532 1291 2570 corruptum
1322 2532 1387 2561 est.
1435 2529 1652 2561 simillimum
1679 2533 1735 2562 est

190 2580 255 2611 289
279 2590 328 2621 sq.
353 2580 527 2621 paribus
549 2591 610 2621 per
633 2585 787 2621 tempora
810 2590 911 2611 uersa
931 2581 936 2620 1
956 2581 1164 2612 momentis
1187 2581 1364 2612 redeunt.
1414 2591 1526 2622 neque
1553 2584 1732 2622 praestare

192 2631 309 2663 iudico
332 2642 421 2672 qua,
449 2635 488 2664 ut
505 2632 579 2664 dies
596 2643 648 2671 ea,
666 2643 734 2674 qua
751 2640 922 2670 creuerat,
941 2632 1000 2663 uia
1015 2632 1129 2664 redire
1145 2632 1294 2671 dicatur,
1315 2635 1351 2664 et
1366 2632 1472 2664 simili
1494 2633 1634 2675 quidem
1650 2637 1734 2666 actu

277 2683 427 2714 483—509
451 2685 562 2716 altera
586 2684 768 2726 horoscopi
792 2684 994 2715 inueniendi
1019 2684 1121 2722 ratio,
1148 2694 1253 2725 quam
1279 2684 1424 2716 eandem
1447 2695 1522 2717 esse
1545 2696 1649 2726 quam
1670 2696 1729 2718 uu.

190 2736 320 2767 218-46
343 2738 521 2777 tamquam
538 2736 693 2767 futtilem
711 2736 862 2777 explosit
878 2739 983 2777 poeta
998 2746 1067 2767 non
1082 2735 1337 2768 animaduertit
1422 2735 1487 2767 483
1509 2740 1647 2768 astrum
1658 2739 1731 2776 GM,

192 2790 354 2818 austrum
377 2789 400 2817 L
492 2787 552 2818 illa
575 2787 646 2825 uia,
671 2797 810 2818 nascens
833 2792 989 2819 astrum:
1017 2786 1061 2818 de
1083 2787 1205 2818 ordine
1226 2787 1412 2819 uerborum
1434 2787 1516 2819 uide
1538 2796 1567 2819 11
1586 2787 1647 2822 176

234 2837 299 2868 484
321 2837 532 2878 quandoque.
582 2838 641 2869 ubi
662 2848 755 2870 nunc
779 2838 944 2876 Huetius,
963 2838 1023 2879 qui
1045 2837 1181 2877 doceat,
1200 2844 1242 2870 ut
1261 2838 1362 2877 solet,
1388 2839 1589 2880 quandoque
1609 2849 1683 2871 esse
1704 2843 1734 2871 et

193 2889 355 2931 quando?
379 2888 439 2920 sed
461 2900 500 2920 eo
521 2892 640 2921 astute
657 2900 692 2921 se
709 2889 913 2921 continente
929 2889 1082 2931 prosilit,
1101 2892 1142 2921 ut
1163 2890 1223 2931 qui
1244 2889 1332 2922 nihil
1353 2900 1518 2931 umquam
1535 2890 1730 2933 intellegat,
