1877 3146
203 164 257 203 38
797 164 858 205 M.
891 164 1143 206 MANILII

383 273 546 328 singula
567 272 681 328 quod
699 279 929 328 nequeunt,
951 288 1025 328 per
1042 279 1111 316 tot
1131 273 1336 316 distantia
1357 278 1512 325 motus,

381 347 645 401 temporibus
664 347 933 402 numerisque
952 347 1038 389 suis
1058 353 1208 390 exacta
1228 348 1383 390 referri.

383 435 408 462 a
428 436 496 462 me
514 426 658 462 sumat
676 421 756 463 iter
775 421 976 476 positum,
997 421 1077 463 sibi
1097 421 1275 477 quisque
1293 428 1496 477 sequatur

382 509 541 549 perque
559 509 657 536 suos
675 495 828 537 tendat
847 509 1023 550 gressus,
1046 495 1149 536 mihi
1168 495 1323 538 debeat
1341 502 1491 538 artem.

258 575 327 607 395
384 583 651 623 quacumque
672 569 750 610 hoo
770 569 882 624 parti
901 574 1111 611 terrarum
1131 569 1309 625 quisque
1327 570 1525 625 requiret,

382 642 567 684 deducat
586 643 777 698 proprias
796 648 1050 698 noctemque
1069 643 1267 699 diemque
1286 658 1359 699 per
1379 644 1503 686 horas

383 716 570 758 mamma
589 717 668 758 sub
688 717 848 759 Cancro
869 717 1052 759 minimis
1073 732 1182 772 quae
1200 717 1383 773 cingitur
1401 718 1562 760 umbris
1580 734 1590 770 ;

383 796 425 832 et
444 796 612 833 sextam
631 806 834 842 summae,
855 791 984 833 fuerit
1005 806 1113 846 quae
1131 791 1254 842 forte,
1276 791 1452 834 diurnae

381 864 520 906 uicino
539 865 704 907 tribuat
723 871 821 920 post
840 865 988 907 Cancri
1007 866 1169 921 templa
1189 866 1319 908 Leoni
1338 881 1348 917 ;

200 1011 237 1042 in
268 1016 383 1050 totum,
416 1012 655 1052 particulatim
685 1013 805 1052 altera,
841 1012 975 1045 Colum.
1007 1022 1053 1044 111
1083 1013 1104 1044 2
1138 1013 1177 1045 31
1210 1013 1299 1045 illud
1329 1013 1366 1045 in
1396 1017 1502 1045 totum
1528 1014 1741 1055 praecipere,

200 1064 393 1104 generatim
410 1074 448 1095 ac
463 1074 533 1095 non
555 1064 716 1106 proprie:
741 1064 810 1096 alio
831 1068 867 1095 et
889 1065 1001 1106 magis
1024 1065 1156 1096 usitato
1177 1075 1280 1096 sensu
1304 1074 1333 1096 11
1357 1065 1432 1105 425,
1452 1066 1527 1105 688,
1546 1074 1592 1097 111
1608 1066 1684 1105 553,
1703 1069 1744 1097 ut

200 1115 248 1146 sit
278 1125 318 1146 ex
349 1119 414 1146 toto
507 1114 568 1146 391
594 1115 656 1146 392
687 1119 781 1148 recte
815 1116 860 1147 ad
891 1115 1138 1158 praecedentia
1169 1116 1280 1148 traxit
1311 1116 1624 1158 RegIOmontanus,
1657 1128 1744 1159 quos

200 1165 359 1207 plerique
385 1166 430 1197 ad
454 1167 676 1208 insequentia
700 1168 858 1199 trahunt.
908 1168 991 1209 quia
1016 1168 1125 1209 signa,
1151 1170 1276 1209 utpote
1305 1171 1360 1200 tot
1383 1168 1536 1200 motibus
1560 1168 1656 1208 (uide
1679 1169 1744 1202 385

200 1219 305 1256 motu)
336 1228 400 1259 pro
437 1219 536 1250 uaria
570 1223 684 1250 terrae
719 1219 857 1260 regione
894 1219 1044 1250 diuersis
1080 1219 1220 1250 diuersa
1250 1230 1270 1251 a
1305 1230 1341 1251 se
1378 1220 1453 1261 ipsa
1486 1230 1525 1252 ac
1556 1219 1741 1259 distantia,

200 1269 407 1311 singillatim
423 1269 546 1301 referri
561 1273 741 1311 nequeunt
758 1270 809 1301 ita
827 1273 868 1302 ut
884 1271 1028 1312 propria
1044 1281 1162 1301 eorum
1180 1275 1340 1312 tempora
1357 1276 1393 1302 et
1409 1270 1526 1302 stadia
1541 1271 1738 1313 exigantur,

199 1324 386 1362 propterea
417 1321 629 1363 generaliter
658 1322 876 1363 praecipitur
979 1321 1042 1352 393
1073 1322 1210 1360 melius,
1239 1322 1307 1354 nisi
1337 1322 1453 1361 fallor,
1482 1327 1564 1364 post
1588 1323 1742 1364 positum

199 1382 316 1414 quam,
340 1372 433 1413 quod
457 1373 563 1415 uulgo
586 1372 636 1411 fit,
662 1377 744 1414 post
767 1373 832 1405 iter
855 1373 1131 1415 interpungitur,
1156 1373 1192 1404 in
1216 1384 1285 1415 qua
1308 1373 1466 1405 oratione
1489 1374 1579 1406 nulli
1601 1376 1743 1416 praeter

199 1428 372 1464 sumptum
394 1423 490 1455 locus
517 1435 591 1456 esse
617 1424 760 1456 uidetur
783 1425 982 1466 participio.
1032 1424 1093 1456 sed
1115 1435 1185 1456 non
1208 1425 1340 1457 usitate
1363 1425 1495 1457 dicitur
1514 1436 1640 1466 ponere
1663 1426 1739 1465 iter,

199 1479 240 1506 ut
256 1485 366 1516 paene
381 1476 538 1517 suspicer
554 1476 775 1507 scribendum
793 1487 816 1507 a
831 1486 882 1508 me
898 1480 1010 1508 sumat
1026 1475 1101 1515 iter,
1123 1481 1212 1516 post
1236 1476 1325 1508 hinc
1349 1476 1413 1508 sibi
1434 1479 1499 1509 etc.
1593 1476 1657 1508 394
1676 1488 1741 1519 pro

199 1537 275 1558 suos
305 1527 421 1559 tendat
448 1527 630 1559 Bentleius
660 1538 747 1559 meos
779 1527 938 1566 tendens3
972 1527 1033 1559 sed
1064 1527 1150 1559 ordo
1181 1531 1236 1560 est
1266 1528 1382 1559 tendat
1412 1527 1451 1560 id
1481 1527 1546 1560 iter
1572 1539 1637 1570 per
1665 1539 1744 1561 suos

199 1589 341 1618 messus,
365 1579 430 1611 hoc
454 1582 508 1610 est
531 1579 603 1610 suis
627 1578 823 1620 gressibus:
860 1579 966 1621 Verg.
991 1580 1078 1611 Aen.
1099 1588 1138 1610 VI
1165 1579 1230 1611 240
1253 1580 1386 1611 tendere
1409 1580 1473 1611 iter
1493 1579 1622 1620 pinnis,
1641 1589 1698 1612 vn
1723 1580 1742 1615 7

200 1629 306 1662 tendit
333 1629 396 1661 iter
422 1630 506 1662 uelis
594 1630 656 1661 395
682 1633 779 1669 parti
806 1630 880 1662 cod.
904 1630 977 1662 Pal.
1001 1633 1091 1662 teste
1117 1631 1153 1662 F.
1177 1630 1291 1670 Iunio,
1311 1640 1400 1669 para
1422 1634 1468 1670 Μ,
1489 1639 1578 1670 para
1600 1634 1614 1663 i
1638 1633 1743 1673 (para

199 1681 264 1713 iter
285 1683 422 1721 rarum)
445 1685 479 1721 L,
497 1685 619 1720 parati
640 1681 838 1722 (paratiter)
854 1681 901 1721 L2,
921 1685 1024 1720 parte
1045 1685 1071 1713 G
1092 1682 1167 1714 cod.
1183 1682 1351 1714 Venetus.
1402 1682 1445 1714 de
1463 1683 1565 1724 parti
1586 1682 1742 1715 ablatiuo

200 1732 275 1764 dixi
298 1733 343 1764 ad
367 1741 396 1764 11
421 1733 505 1770 726;
538 1733 632 1775 quod
659 1733 704 1764 ad
731 1733 968 1775 corruptelam
995 1733 1138 1772 attinet,
1161 1733 1243 1764 uide
1270 1733 1385 1775 ipsum
1411 1737 1445 1765 Μ
1473 1733 1517 1765 ad
1544 1734 1635 1767 Stat.
1660 1734 1738 1766 silu.

200 1793 213 1815 1
238 1784 260 1815 2
283 1784 346 1816 216
374 1785 475 1816 thean
499 1795 563 1826 pro
590 1785 694 1816 thetin
719 1785 954 1823 exhibentem,
979 1785 1073 1816 Pers.
1094 1794 1118 1816 v
1141 1787 1183 1817 40
1208 1785 1368 1826 araficem
1389 1785 1453 1817 AB
1476 1796 1540 1827 pro
1563 1786 1739 1827 artificem,

201 1835 307 1867 Mart.
331 1845 398 1867 XIV
424 1837 484 1870 176
507 1837 527 1867 2
551 1841 639 1868 amet
663 1836 691 1868 T
714 1847 778 1878 pro
802 1836 905 1875 timet,
925 1840 1049 1868 contra
1072 1836 1174 1869 Ouid.
1199 1839 1265 1868 art.
1288 1846 1299 1868 1
1323 1837 1388 1869 612
1410 1837 1488 1869 tirte
1512 1837 1544 1868 R
1567 1848 1630 1879 pro
1653 1842 1738 1870 arte.

200 1887 236 1918 in
264 1887 364 1919 Lucr.
384 1897 424 1918 VI
451 1888 515 1919 285
538 1898 588 1929 sq.
609 1888 803 1929 quadratus
827 1888 947 1928 yrauis
973 1887 1164 1929 insequitur
1189 1888 1328 1927 sonitus,
1356 1888 1509 1928 displosa
1532 1889 1742 1929 repenatil

200 1939 391 1979 opprimere
409 1944 443 1970 ut
459 1939 546 1971 caeti
568 1939 753 1971 uideantur
773 1940 900 1980 templa
923 1950 1077 1980 superne,
1096 1939 1266 1982 oblongus
1281 1944 1424 1980 repente,
1445 1939 1507 1971 sed
1522 1945 1551 1972 te
1568 1940 1605 1972 in
1620 1940 1741 1980 litura,

1384 1991 1404 2011 ει·

201 2021 278 2048 tum
308 2017 521 2058 Bernaysius
553 2017 714 2056 occidere,
747 2017 924 2049 deteriora
954 2017 1037 2056 alii;
1076 2017 1238 2059 equidem
1272 2028 1400 2058 repena
1435 2028 1595 2060 agnosco,
1628 2019 1742 2051 scribo

201 2072 319 2100 autem
345 2069 497 2110 displosa
523 2069 680 2109 repenti
699 2069 703 2110 Ι
724 2068 784 2110 <ui
811 2068 953 2111 cadere>
975 2074 1011 2100 ut
1036 2069 1121 2101 caeli
1144 2069 1330 2101 uideantur
1352 2070 1478 2110 templa
1501 2080 1665 2111 superne:
1691 2071 1743 2103 ita

202 2120 386 2152 Lucretius
399 2130 423 2151 v
434 2121 499 2153 400
510 2120 640 2161 repenti
647 2120 810 2161 fulminis
822 2120 901 2158 ictu,
916 2130 928 2152 1
941 2121 1005 2153 286
1017 2121 1089 2152 uim
1102 2121 1249 2152 subitam
1329 2120 1392 2152 396
1405 2121 1560 2154 deducat.
1597 2122 1741 2154 diducat

202 2171 276 2203 cod.
308 2171 412 2210 Flor.‚
441 2173 497 2203 cui
527 2172 654 2204 leuiter
684 2172 871 2204 admodum
905 2172 1096 2204 Bechertus
1126 2173 1370 2214 patrocinatur
1402 2172 1445 2204 de
1476 2173 1573 2204 Man.
1602 2173 1739 2206 emend.

202 2234 235 2265 p.
255 2224 296 2258 37
311 2234 318 2260 ;
345 2235 422 2255 nam
441 2227 543 2255 nocte
560 2224 617 2255 uel
634 2223 690 2255 die
706 2234 768 2266 per
784 2224 887 2255 horas
904 2234 984 2255 suas
1001 2223 1052 2263 (id
1072 2227 1126 2255 est
1145 2224 1268 2266 opinor
1284 2234 1346 2265 per
1363 2224 1527 2256 horarum
1543 2227 1741 2265 numerum)

203 2275 349 2306 diducto
365 2276 438 2307 siue
454 2275 568 2307 diuiso
584 2286 653 2306 non
670 2286 805 2307 summa
821 2275 984 2307 horarum
1004 2275 1155 2307 efficitur
1175 2275 1235 2307 sed
1252 2286 1332 2317 pars
1349 2275 1467 2317 aliqua
1482 2275 1551 2307 diei
1568 2277 1740 2316 noctisue,

203 2327 303 2358 uelut
330 2329 380 2367 ᾖ.
430 2327 591 2359 deducere
617 2337 683 2367 per
708 2327 811 2359 horas
836 2326 921 2368 quid
948 2327 996 2359 sit
1022 2329 1168 2368 apparet
1193 2338 1235 2358 ex
1260 2328 1324 2360 448
1351 2337 1400 2368 sq.
1421 2327 1590 2368 capienda
1614 2328 1675 2360 tibi
1697 2333 1743 2361 est

203 2389 362 2410 mensura
378 2379 446 2410 diei
463 2403 470 2411 .
491 2403 498 2410 .
520 2403 527 2410 .
548 2378 717 2419 noctisque
731 2389 794 2420 per
811 2379 921 2410 horas.
971 2378 1107 2410 scilicet
1123 2389 1192 2410 nox
1214 2382 1251 2410 et
1272 2378 1346 2410 dies
1362 2378 1457 2410 horis
1473 2379 1544 2411 suis
1560 2390 1602 2410 ex
1619 2379 1743 2412 ordine

204 2431 398 2461 numeratis
413 2433 673 2471 percensentur,
692 2433 733 2462 ut
754 2434 791 2462 et
812 2430 1018 2462 diurnarum
1042 2435 1078 2462 et
1101 2433 1350 2461 nocturnarum
1374 2441 1509 2462 summa
1532 2431 1742 2473 colligatum

204 2485 278 2512 tum
311 2481 451 2513 demum
478 2492 538 2513 eae
568 2492 722 2513 summae
753 2483 787 2513 in
819 2492 920 2513 senas
950 2484 1070 2523 partes
1101 2481 1317 2513 diducuntur
1348 2482 1434 2521 siue,
1460 2483 1498 2514 ut
1525 2493 1559 2514 u.
1586 2483 1647 2515 401
1675 2483 1740 2522 ait,

204 2537 376 2565 secantur.
426 2534 545 2565 ducere
568 2544 632 2575 pro
654 2544 838 2565 numerare
859 2534 1013 2575 positum
1037 2536 1091 2564 est
1116 2534 1189 2572 189,
1207 2534 1271 2566 298
1284 2545 1293 2572 ;
1317 2534 1480 2566 deducere
1502 2537 1622 2565 autem
1645 2537 1700 2566 est
1721 2545 1742 2566 a

205 2585 378 2626 principio
404 2584 448 2616 ad
476 2584 579 2616 finem
608 2585 745 2623 ducere,
769 2588 811 2616 ut
834 2585 895 2616 ‘241
922 2584 993 2617 dics
1017 2585 1197 2616 deducitur
1219 2596 1239 2616 a
1262 2595 1363 2616 mane
1385 2584 1430 2616 ad
1453 2595 1659 2627 uesperum:
1693 2586 1742 2617 sic

206 2637 294 2668 Stat.
316 2636 402 2667 Ach.
424 2645 436 2667 1
459 2636 477 2669 7
498 2641 568 2667 tota
589 2636 744 2668 iuuenem
766 2636 928 2668 deducere
957 2636 1062 2668 Troia
1085 2636 1177 2668 idem
1200 2635 1358 2668 declarat
1377 2636 1472 2678 quod
1494 2638 1514 2668 4
1537 2647 1589 2679 sq.
1607 2636 1658 2669 ire
1680 2647 1744 2677 per

206 2698 358 2721 omnem.
380 2712 387 2719 .
409 2712 416 2719 .
437 2687 541 2719 heroa
628 2687 690 2719 397
713 2698 798 2728 quae
822 2691 962 2719 tantum
986 2688 1030 2719 ad
1054 2687 1144 2720 diem
1166 2687 1329 2727 refertur,
1347 2698 1416 2719 nox
1440 2688 1544 2727 enim,
1563 2698 1652 2730 quae
1677 2688 1743 2720 sub

206 2739 339 2772 Cancro
362 2739 505 2770 minima
527 2744 581 2770 est
604 2742 641 2770 et
664 2739 824 2770 maximis
847 2739 999 2780 cingitur
1022 2739 1168 2777 lucibus,
1191 2739 1343 2771 minimis
1366 2739 1435 2771 illis
1459 2739 1587 2771 umbris
1609 2739 1740 2780 signifi-

207 2797 307 2823 catur
394 2789 456 2820 398
481 2792 588 2822 fuerit
611 2790 686 2822 cod.
703 2790 811 2827 Flor„
828 2793 961 2822 fuerint
984 2793 1067 2822 GLM
1155 2791 1248 2822 inter
1269 2790 1332 2821 399
1355 2793 1392 2822 et
1413 2789 1477 2820 400
1500 2793 1549 2822 01,
1571 2790 1742 2824 exhibent

205 2849 240 2870 1v
261 2845 401 2873 10-313:
432 2852 553 2872 uerum
578 2841 748 2880 ordinem,
772 2852 875 2883 quem
901 2845 935 2873 Μ
959 2843 1128 2881 seruauit,
1152 2842 1294 2874 restitui
1319 2842 1422 2874 iussit
1446 2841 1482 2873 in
1505 2844 1529 2873 1.
1551 2852 1675 2875 manus
1698 2851 1739 2875 x1

207 2897 263 2925 uel
291 2901 346 2925 XII
374 2892 514 2931 saeculi,
532 2901 582 2924 xv
605 2893 641 2925 in
669 2896 703 2925 G.
753 2902 793 2925 1v
823 2893 949 2926 10·313
974 2903 1096 2925 uersus
1127 2896 1211 2925 sunt
1240 2903 1385 2925 numero
1411 2901 1536 2931 0001V3
1571 2904 1652 2925 nam
1679 2894 1742 2936 qui
