1877 3146
638 111 1119 154 ASTRONOMICON
1163 112 1238 154 III
1656 111 1709 150 45

348 223 559 265 tradenda
580 228 643 265 est
664 223 803 265 medio
822 238 998 279 semper,
1022 238 1105 279 qua
1124 229 1237 266 sorte
1256 229 1422 266 retenta

351 297 528 339 dimidio
548 297 694 339 uincat
713 298 898 353 primum
916 298 1113 339 uincatur
1133 303 1175 340 et
1195 298 1335 353 ipsum

353 376 545 413 extremo
564 387 572 413 :
607 377 752 414 totum
771 372 813 413 in
833 378 975 427 partes
995 372 1055 414 ita
1075 373 1214 428 digere
1232 378 1414 427 tempus,

223 453 294 484 455
351 445 415 487 his
436 446 586 501 opibus
605 446 688 488 tria
708 446 827 502 signa
845 447 991 488 ualent
1009 462 1018 498 3
1054 447 1127 488 sed
1147 461 1314 488 summa
1333 446 1480 502 prioris
1504 467 1507 471 ·

350 534 399 561 ac
421 520 546 561 medii
567 521 731 561 numeri
751 521 976 562 coniuncta
996 521 1269 576 sequentibus
1289 521 1413 563 astris

351 594 533 644 cesserit,
555 600 618 645 ut,
639 595 749 636 senis
768 595 895 636 fuerit
915 595 948 636 si
969 596 1129 651 longior
1149 596 1259 637 horis

168 737 264 769 locus
289 741 343 769 est
366 748 471 779 quam
494 738 530 769 in
553 739 629 778 405,
652 739 726 778 420,
746 739 820 777 423,
840 739 903 773 427
927 750 976 781 sq.
1026 741 1202 771 sententia
1225 751 1326 771 nemo
1350 739 1492 771 dubitat
1515 739 1601 781 quin
1624 739 1710 770 haec

168 789 298 821 fuerit:
332 789 426 831 quod
450 794 601 832 tempus,
620 801 640 822 a
663 791 758 822 iusta
780 799 837 822 ΧΠ
862 791 1025 823 horarum
1054 802 1189 823 summa
1215 802 1351 823 recessu
1378 792 1484 830 facto,
1509 790 1642 823 umbris
1666 801 1709 822 ex

163 840 363 872 abundanti
387 841 561 880 additum,
588 841 724 873 lucibus
747 846 865 873 autem
891 842 1089 874 detractum
1114 843 1192 881 erit,
1211 844 1286 874 eius
1309 844 1477 885 temporis
1499 843 1606 874 tertia
1628 852 1710 884 pars

168 893 283 924 medio
306 894 405 935 signo
427 893 598 925 tradenda
615 898 677 925 est.
728 904 801 925 eam
828 905 909 935 ergo
932 896 1082 926 restitui.
1133 899 1287 926 ceterum
1311 906 1354 926 ex
1377 895 1595 927 nominatiuo
1619 894 1710 936 quod

167 944 388 986 intellegitur
417 945 650 984 accusatiuus,
681 945 774 987 quod
805 951 899 977 recte
930 945 971 978 fit
1001 946 1061 978 ubi
1092 957 1235 978 casuum
1265 947 1397 978 formae
1427 957 1496 978 non
1527 946 1705 978 differunt.

168 996 338 1037 exemplis
364 1007 384 1027 a
412 996 595 1038 Maduigio
623 996 667 1028 ad
694 997 765 1028 Cic.
786 997 829 1029 de
853 997 910 1029 fin.
932 1007 956 1029 V
978 998 1021 1030 26
1045 998 1183 1030 collatis
1209 998 1300 1030 adde
1324 998 1425 1031 Ouid.
1446 999 1539 1030 trist.
1560 1007 1600 1030 1v
1623 999 1643 1030 3
1670 998 1708 1030 13

163 1048 258 1088 quod
285 1052 331 1079 est
359 1052 387 1078 et
414 1047 479 1086 vis,
499 1048 577 1079 Sen.
598 1048 680 1079 dial.
701 1057 741 1079 IX
766 1050 786 1081 8
809 1049 828 1080 9
852 1059 938 1089 quae
965 1050 1263 1090 superfunduntur
1289 1055 1317 1081 et
1335 1075 1342 1082 .
1364 1075 1371 1082 .
1393 1074 1400 1082 .
1421 1050 1622 1091 maynitudo
1639 1074 1646 1081 .
1671 1075 1678 1082 .
1698 1074 1705 1081 .

166 1098 279 1137 obicit,
296 1098 401 1130 Here.
422 1098 498 1131 Oet.
522 1099 604 1131 1105
624 1109 673 1141 sq.
694 1099 865 1140 quidquid
882 1125 889 1132 .
911 1125 917 1132 .
940 1126 946 1132 .
968 1100 1052 1132 iacet
1073 1100 1076 1142 Ι
1098 1106 1126 1132 et
1144 1126 1151 1132 .
1173 1126 1179 1132 .
1201 1126 1208 1133 .
1231 1101 1404 1133 Garamas
1420 1106 1516 1140 tenet,
1534 1101 1708 1143 Maduigii

166 1151 277 1192 ipsius
294 1150 574 1182 emendationem
592 1151 667 1182 Liu.
690 1160 719 1182 11
741 1153 782 1183 48
802 1152 821 1183 6
909 1151 973 1182 452
997 1152 1106 1184 medio
1129 1163 1171 1184 ex
1188 1153 1302 1184 tribus
1325 1153 1481 1185 hibernis
1498 1154 1605 1195 signis
1621 1163 1710 1195 quae

166 1202 218 1233 sol
249 1213 269 1233 a
300 1201 424 1234 bruma
455 1202 499 1234 ad
531 1203 791 1244 aequinoctium
827 1206 1000 1242 trameat3
1039 1204 1082 1235 de
1118 1204 1172 1236 his
1207 1206 1301 1236 enim
1336 1205 1454 1246 agitur
1564 1215 1705 1245 semper,

165 1264 385 1295 quacumque
406 1254 470 1286 hoc
490 1255 583 1296 parti
604 1258 776 1286 terrarum
796 1255 945 1297 quisque
965 1256 1130 1297 requiret.
1180 1257 1294 1288 minus
1312 1260 1407 1288 recte
1424 1259 1458 1287 Μ
1474 1260 1510 1288 et
1526 1256 1707 1288 Bentleius

167 1305 450 1347 interpungendo
465 1316 596 1346 semper
618 1306 663 1337 ad
687 1307 870 1347 sequentia
894 1306 1063 1345 trahunt3
1087 1318 1199 1349 neque
1222 1308 1313 1339 enim
1330 1307 1459 1339 similia
1475 1311 1558 1339 sunt
1573 1309 1633 1339 411
1653 1318 1703 1349 sq.

165 1361 203 1388 et
230 1358 306 1397 431,
331 1357 392 1388 ubi
421 1357 463 1388 de
490 1357 651 1399 pluribus
679 1358 787 1399 signis
814 1369 925 1390 sermo
953 1362 1006 1390 est
1093 1358 1157 1389 453
1185 1359 1330 1391 dimidio
1356 1360 1430 1391 eius
1455 1360 1572 1398 sortis,
1594 1359 1630 1390 id
1653 1363 1708 1391 est

165 1412 267 1440 sexta
293 1413 394 1450 parte
419 1419 585 1447 summae,
607 1409 723 1441 nincat
744 1409 901 1450 primum
925 1420 967 1441 ex
995 1409 1109 1441 tribus
1133 1411 1252 1452 signis,
1280 1411 1400 1442 eodem
1424 1411 1571 1442 dimidio
1594 1411 1708 1451 ipsum

166 1460 327 1492 vincatur
357 1471 377 1492 a
407 1461 516 1492 tertio
543 1461 617 1492 siue
648 1467 804 1493 extremo.
853 1462 967 1503 primo
998 1462 1096 1503 signo
1124 1467 1266 1494 sextans
1293 1462 1411 1502 datur,
1441 1462 1556 1494 medio
1583 1463 1706 1501 triens,

167 1517 325 1544 extremo
342 1513 446 1544 semis
544 1512 609 1542 454
625 1515 745 1551 digere
761 1512 869 1553 GL2M,
889 1516 1016 1552 degere
1031 1517 1054 1544 L
1070 1514 1143 1546 eod.
1159 1514 1317 1546 Venetus
1413 1514 1480 1556 ‚455
1497 1514 1561 1545 456
1577 1514 1710 1546 deleuit

166 1564 359 1602 Bentleius,
388 1563 519 1596 cesserit
550 1575 583 1595 u.
613 1565 674 1598 457
701 1564 737 1596 in
768 1565 814 1596 sic
845 1565 907 1596 erz't
938 1569 1076 1596 mutato
1178 1565 1240 1596 455
1269 1566 1399 1606 prioris
1429 1577 1492 1608 pro
1522 1567 1635 1608 primo
1666 1577 1706 1598 ex

165 1615 291 1655 tribus,
311 1616 403 1647 siout
419 1626 481 1657 pro
498 1616 612 1657 primo
629 1627 670 1647 ex
687 1620 856 1658 quattuor
878 1626 907 1648 11
927 1617 1002 1656 323,
1021 1618 1097 1656 325,
1113 1628 1155 1648 ex
1171 1617 1326 1659 quinque
1343 1618 1388 1649 ib.
1409 1619 1473 1650 314
1581 1617 1646 1649 456
1666 1627 1707 1649 ac

163 1670 272 1699 medii
295 1668 317 1691 ἦ
341 1670 582 1707 (zacacedit)‚
607 1671 743 1699 accedit
766 1667 856 1706 libri,
885 1670 1022 1700 accedat
1047 1669 1347 1711 Regiomoutanus
1370 1672 1406 1701 et
1430 1670 1583 1712 Scaliger
1609 1669 1662 1702 ed.
1691 1671 1705 1701 1

165 1719 394 1761 sequentibus
425 1719 553 1750 Iacobo
584 1719 755 1751 Becherto
786 1720 954 1752 Breitero.
1015 1720 1222 1752 acor-talibus
1251 1732 1315 1763 pro
1345 1722 1545 1753 mortalibue
1571 1721 1707 1753 codices

167 1771 371 1803 Lucretiani
386 1780 426 1802 VI
446 1772 496 1809 10,
516 1771 609 1802 idem
625 1773 780 1803 natiuom
796 1782 858 1813 pro
875 1772 994 1804 natiue
1010 1783 1049 1804 ac
1066 1781 1090 1803 v
1106 1773 1181 1809 241,
1199 1772 1258 1804 ubi
1275 1773 1519 1805 Laohmannus
1538 1776 1546 1789 ⁶
1560 1783 1587 1804 M
1604 1773 1648 1805 ab
1664 1783 1709 1805 AC

166 1823 349 1854 minimum
373 1822 485 1854 distat
497 1823 514 1854 ².
565 1823 607 1854 de
632 1823 645 1854 i
667 1823 800 1864 duplici
822 1827 858 1855 et
875 1823 995 1855 Wolfii
1019 1824 1192 1855 calumnia
1216 1826 1301 1856 satis
1325 1825 1460 1856 dictum
1485 1828 1538 1857 est
1557 1825 1602 1856 ad
1622 1834 1651 1856 11
1672 1827 1701 1857 3.

166 1874 250 1906 haec
289 1875 338 1906 sic
377 1875 484 1916 uulgo
521 1874 686 1913 eduntur,
728 1875 786 1906 secl
823 1886 957 1907 summa
995 1875 1124 1916 prioris
1143 1876 1147 1917 Ι
1169 1877 1306 1908 accedat
1344 1876 1489 1916 numeri,
1528 1877 1705 1909 coniuncta

164 1926 375 1968 sequentibus
405 1926 508 1957 astris
528 1925 532 1968 Ι
554 1926 695 1964 cesserit,
729 1926 876 1968 pulchre
906 1928 1043 1958 uariata
1073 1927 1186 1959 forma
1215 1927 1335 1960 uerbi:
1375 1929 1512 1960 cuinam
1544 1939 1625 1971 ergo
1656 1929 1707 1960 rei

165 1978 330 2010 accedere
368 1977 473 2010 debet
511 1989 647 2009 summa
685 1979 812 2020 prioris
849 1979 997 2017 numeri,
1038 1985 1101 2011 aut
1139 1990 1290 2021 quanam
1329 1991 1407 2012 cum
1445 1991 1482 2012 re
1520 1982 1707 2012 coniuncta

165 2030 393 2072 sequentibus
410 2030 515 2061 astris
531 2030 677 2062 cedere?
722 2030 832 2061 nihilo
851 2031 975 2062 melius
995 2041 1068 2062 sese
1091 2030 1244 2073 Scaliger
1260 2032 1486 2074 expedierat3
1510 2032 1703 2071 Bentleius,

165 2085 206 2113 ut
237 2082 323 2121 dixi,
357 2082 444 2113 duos
475 2092 597 2113 uersus
633 2081 775 2113 deleuit.
841 2085 942 2113 cauet
976 2086 1081 2124 poeta
1113 2093 1154 2114 ne
1185 2083 1339 2115 medium
1370 2084 1508 2125 signum
1538 2084 1706 2116 trientem

163 2136 307 2165 tantum
337 2144 379 2165 ex
411 2144 498 2172 asse,
532 2136 728 2165 extremum
760 2134 897 2175 signum
928 2137 1068 2165 tantum
1100 2135 1277 2166 semissem
1309 2135 1459 2167 brumali
1489 2136 1547 2167 die
1577 2136 1706 2168 addere

165 2185 341 2223 credatur,
361 2195 439 2216 cum
464 2185 553 2216 illud
577 2185 764 2224 semissem,
788 2186 852 2216 hoc
876 2188 992 2217 totum
1015 2196 1127 2217 assem
1151 2186 1284 2225 addat3
1309 2186 1412 2219 docet
1435 2187 1544 2229 igitur
1567 2198 1637 2219 non
1661 2187 1705 2219 ad

165 2236 359 2268 brumalem
390 2236 451 2268 sed
483 2237 527 2268 ad
557 2239 701 2268 auctum
732 2237 801 2268 iarn
832 2247 852 2268 a
881 2237 1106 2279 praecedenti
1138 2238 1237 2279 signo
1268 2238 1360 2270 diem
1387 2239 1465 2270 illas
1492 2239 1705 2271 accessiones

164 2287 251 2326 fieri,
285 2289 437 2330 primum
467 2298 507 2320 ac
538 2288 730 2320 secundum
761 2289 1015 2320 incrementum
1047 2289 1289 2331 coniungenda
1320 2300 1393 2321 esse
1424 2293 1460 2322 et
1491 2291 1705 2322 coniunctim

164 2340 272 2372 tertio
297 2340 396 2381 signo
421 2339 614 2371 tradenda:
651 2340 687 2371 id
712 2340 805 2382 quod
833 2351 890 2372 uu.
917 2341 1045 2374 457-67
1077 2341 1236 2382 pluribus
1265 2341 1380 2373 uerbis
1410 2342 1620 2384 explanatur

207 2391 416 2432 sequentibus
443 2391 557 2430 astri-s,
585 2391 755 2429 Piscibus,
781 2402 824 2423 ne
852 2392 887 2423 in
914 2392 1044 2433 plurali
1071 2403 1216 2424 numero
1242 2393 1396 2426 haereas.
1445 2393 1506 2425 sed
1530 2394 1706 2426 habentur

164 2443 270 2485 paulo
306 2442 409 2482 infra,
442 2453 530 2484 quae
566 2443 665 2474 illum
697 2444 847 2475 colorem
887 2454 955 2475 non
992 2444 1178 2485 recipiunt,
1213 2445 1388 2476 haerentia
1418 2445 1518 2486 siqua
1547 2446 1612 2478 466
1641 2457 1705 2488 pro

162 2495 332 2536 Aquario,
357 2494 484 2535 primis
508 2495 572 2529 472
595 2505 660 2536 pro
685 2494 896 2537 Capricorno
920 2496 1096 2537 positum;
1132 2500 1172 2527 ut
1200 2503 1369 2538 appareat
1392 2500 1545 2538 poetam,
1559 2508 1637 2529 cum
1661 2498 1704 2530 de

161 2546 278 2579 tribus
301 2547 406 2578 certis
430 2546 538 2588 signis
556 2557 669 2578 sermo
688 2547 747 2585 sit,
767 2550 885 2578 tamen
907 2547 956 2578 sic
980 2547 1074 2588 loqui
1095 2550 1274 2589 tamquam
1298 2549 1458 2590 generale
1476 2553 1703 2592 praeceptum

162 2598 283 2630 tradat
370 2597 433 2629 457
461 2598 605 2637 cesserit,
631 2601 673 2630 ut
697 2599 761 2633 572
785 2602 821 2630 et
849 2600 912 2633 575
929 2598 1079 2639 suerint,
1106 2599 1217 2631 futuri
1244 2600 1360 2631 exacti
1387 2600 1601 2633 indicatiuus
1628 2605 1705 2640 est;

162 2649 310 2682 cedendi
335 2650 481 2680 uerbum
497 2649 549 2681 ita
564 2650 719 2691 positum
736 2653 790 2681 est
811 2653 852 2681 ut
869 2659 908 2681 1v
925 2651 988 2682 313
1007 2650 1157 2682 Geminis
1173 2661 1261 2691 pars
1283 2651 1384 2683 tertia
1399 2652 1485 2684 cedit
1573 2657 1668 2685 senis
1683 2654 1706 2676 ·)(·

162 2703 283 2741 (=u1)‚
312 2703 427 2733 ternis
458 2703 568 2740 (zm)
597 2701 687 2740 libri,
719 2701 810 2733 idem
842 2712 865 2733 α
895 2712 959 2743 pro
990 2702 1094 2734 ternis
1125 2711 1154 2734 11
1186 2703 1259 2735 313.
1312 2704 1341 2735 si
1373 2704 1482 2736 ternis
1512 2704 1606 2737 horis
1635 2716 1705 2737 nox

161 2753 313 2785 brumali
338 2753 395 2784 die
420 2752 556 2794 longior
580 2752 700 2792 fuerit,
726 2763 796 2785 non
821 2753 970 2785 dimidia
995 2753 1080 2785 hora.
1105 2754 1337 2796 Capricornus
1361 2755 1456 2787 luces
1479 2756 1621 2788 attollet
1643 2758 1705 2789 sed

161 2805 268 2837 horae
293 2810 395 2846 parte
421 2807 558 2846 quarta,
585 2815 655 2836 non
682 2805 804 2836 horam
831 2805 972 2847 proprie
997 2804 1103 2837 ducet
1126 2806 1304 2847 Aquarius
1327 2807 1388 2839 sed
1413 2807 1607 2848 dimidiam,
1634 2819 1703 2841 non

161 2856 275 2889 tribus
302 2856 453 2898 expletis
485 2856 578 2888 horis
610 2856 669 2888 sed
702 2867 771 2888 una
802 2867 879 2888 cum
912 2857 1053 2889 semisse
1084 2857 1201 2889 Pisces
1228 2862 1364 2890 noctem
1397 2859 1558 2901 diemque
1589 2860 1705 2893 Arieti
