1877 3146
613 136 1098 180 ASTRONOMICON
1140 137 1215 179 III
1658 139 1684 180 3

324 264 598 305 germanosue
617 249 750 305 patris
769 250 950 292 referam
968 249 1200 305 matrisque
1220 254 1407 305 nepotes,

325 329 579 366 natorumue
599 324 744 379 epulas
763 338 1050 379 conuersaque
1067 323 1206 366 sidera
1224 329 1337 366 retro

326 404 602 454 ereptumque
621 398 747 449 diem,
769 413 845 440 nec
864 398 1032 441 Persica
1051 398 1161 440 bella
1181 397 1392 454 profundo

223 478 268 511 20
323 472 484 515 indicta
505 478 547 514 et
567 487 721 528 magna
741 477 923 528 pontum
941 472 1021 514 sub
1041 473 1171 514 classe
1191 472 1398 514 latentem

325 546 630 602 inmissumque
648 546 807 589 fretum
825 546 960 596 terris,
981 547 1063 589 iter
1082 546 1278 602 aequoris
1297 545 1422 588 undis
1440 561 1449 596 ;

326 636 411 663 non
430 621 537 677 regis
557 621 700 677 magni
718 621 860 677 spatio
880 621 1038 663 maiore
1057 621 1247 663 canenda

326 709 456 750 quam
475 700 577 737 sunt
595 699 693 736 acta
712 695 872 750 loquar.
932 694 1152 736 Romanae
1171 694 1308 750 gentis
1329 693 1459 749 origo,

327 775 518 826 quotque
536 769 664 812 duces
683 769 799 812 urbis
818 774 886 811 tot
905 768 1016 811 bella
1036 774 1166 825 atque
1187 769 1288 819 otia,
1311 773 1354 810 et
1374 768 1511 810 omnis

225 850 271 883 25
325 843 369 885 in
389 844 533 899 populi
553 844 677 886 unius
697 844 807 900 leges
827 849 877 886 ut
897 844 1068 886 cesserit
1088 843 1212 893 orbis,

327 918 532 960 differtur.
590 918 713 960 facile
733 923 797 960 est
816 917 956 960 uentis
975 917 1076 959 dare
1095 917 1190 959 uela
1209 916 1404 959 secundis

327 992 641 1048 fecundumque
659 992 798 1034 solum
817 992 957 1034 uarias
977 992 1137 1047 agitare
1157 1006 1230 1047 per
1249 997 1362 1033 artes

327 1080 515 1122 auroque
534 1072 666 1122 atque
685 1066 800 1109 ebori
820 1066 948 1108 decus
968 1066 1135 1117 addere,
1157 1080 1256 1108 cum
1274 1065 1391 1108 rudis
1410 1065 1502 1121 ipsa

327 1141 523 1183 materies
543 1141 691 1184 niteat.
750 1141 947 1197 speciosis
967 1140 1146 1183 condere
1165 1140 1292 1183 rebus

226 1222 270 1255 30
326 1216 513 1258 carmina
533 1216 758 1272 uulgatum
778 1220 854 1266 est,
877 1230 983 1271 opus
1003 1220 1046 1257 et
1066 1229 1318 1271 componere
1336 1214 1529 1269 simplex,

148 1322 303 1362 Monac„
329 1326 448 1355 orbem
479 1326 573 1355 GLM.
624 1322 777 1364 Scaliger
807 1322 925 1355 adfert
956 1321 1053 1355 Suid.
1090 1324 1238 1361 Καδμεία
1269 1324 1353 1361 νίκη·
1384 1323 1516 1362 λέγεται
1547 1323 1601 1354 ἐπὶ
1630 1323 1695 1353 τῶν

150 1375 205 1406 ἐπὶ
236 1373 322 1415 κακῷ
361 1376 519 1406 νικώντων
544 1399 552 1407 .
581 1399 588 1406 .
617 1399 624 1407 .
653 1376 700 1406 ὅτι
739 1375 876 1416 Θηβαῖοι
912 1376 1106 1413 νικήσαντεσ
1142 1376 1273 1415 ὕστερον
1313 1375 1374 1406 ὑπὸ
1410 1376 1473 1405 τῶν
1512 1373 1695 1414 Ἐπιγόνων

148 1427 336 1465 ἡττήθησαν
426 1426 465 1458 17
491 1435 535 1458 ue
560 1425 753 1465 Bentleius‚
780 1435 848 1464 que
871 1425 951 1458 libri
1041 1426 1081 1457 18
1105 1435 1149 1458 ue
1172 1425 1365 1465 Bentleius,
1392 1434 1460 1464 que
1483 1425 1574 1458 libri.
1623 1426 1696 1457 scio

153 1478 343 1510 miraturos
371 1478 502 1510 multos
530 1477 803 1510 inconstantiam
831 1488 955 1517 meam,
985 1478 1045 1519 qui
1070 1477 1315 1509 Bentleianum
1335 1488 1388 1516 ue,
1413 1476 1508 1519 quod
1535 1486 1549 1508 1
1576 1477 1640 1512 475
1664 1479 1700 1509 et

151 1529 238 1561 alibi
265 1529 469 1571 spreuerim,
500 1529 555 1561 his
582 1529 696 1561 tribus
724 1529 884 1561 uersibus
909 1529 1091 1571 amplexus
1117 1529 1183 1561 sim
1271 1529 1314 1560 20
1339 1537 1471 1567 magna
1497 1532 1542 1567 M,
1568 1537 1700 1566 magno

150 1584 200 1614 GL
288 1580 329 1612 21
354 1580 437 1623 Lys.
466 1580 622 1622 epitaph.
650 1581 693 1613 29
722 1581 794 1612 ὁδὸν
819 1582 877 1619 μὲν
902 1582 954 1612 διὰ
980 1582 1043 1619 τῆσ
1067 1581 1240 1619 θαλάσσησ
1265 1582 1441 1619 ἐποιήσατο
1464 1582 1566 1612 πλοῦν
1591 1579 1623 1612 δὲ
1648 1581 1700 1612 διὰ.

149 1635 216 1672 τῆσ
236 1634 296 1673 γῆς
312 1634 477 1673 ἠνάγκασε
494 1634 658 1672 γενέσθαι,
677 1632 774 1664 anth.
796 1631 874 1664 Lat.
897 1631 990 1664 Ries.
1010 1633 1070 1664 461
1093 1633 1107 1663 l
1126 1631 1236 1664 Athos
1252 1631 1401 1663 immissis
1418 1632 1562 1673 peruius
1583 1632 1697 1671 undis,

149 1688 170 1720 8
191 1686 279 1729 fecit
306 1697 371 1728 per
397 1697 493 1718 mare
520 1686 616 1718 miles
643 1688 716 1725 iter,
743 1686 876 1718 Arnob.
905 1695 918 1717 1
946 1687 966 1718 5
989 1691 1025 1718 uc
1052 1686 1108 1718 ille
1136 1686 1299 1718 immanis
1326 1686 1452 1718 Xerses
1477 1696 1574 1718 mare
1597 1686 1699 1718 terris

149 1738 345 1771 immitteret
381 1743 410 1770 ec
444 1738 610 1779 gyras-sibus
645 1738 762 1770 maria
793 1738 955 1770 transiret
1042 1737 1085 1769 22
1119 1740 1241 1775 magni
1271 1740 1316 1776 Μ,
1349 1746 1479 1776 mag-no
1509 1740 1570 1776 GL,
1604 1737 1699 1770 unde

150 1789 306 1822 editores
321 1792 405 1822 ante
421 1789 618 1822 Bentleium
635 1800 728 1830 reyes
741 1800 882 1830 maynos
898 1800 976 1821 cum
993 1789 1161 1821 orationis
1177 1788 1443 1831 sententiaeque
1464 1789 1612 1821 interitu

194 1841 283 1883 regis
305 1841 436 1881 maqrzi,
457 1843 497 1872 τὰ
523 1841 744 1882 Ἀλεξάνδρου,
764 1841 845 1873 uide
864 1840 908 1872 ad
929 1850 958 1872 11
977 1842 1041 1873 5269
1062 1840 1242 1873 adnotata.
1292 1840 1357 1873 hoc
1376 1840 1461 1879 loeo,
1482 1851 1560 1872 eum
1580 1840 1700 1873 adsint

151 1895 307 1928 canenda
334 1898 370 1927 et
400 1900 479 1927 acta
504 1895 705 1937 participia,
730 1895 890 1927 defectus
913 1895 1056 1926 articuli
1081 1895 1140 1926 uix
1164 1895 1317 1926 sentitur
1405 1894 1447 1926 23
1470 1898 1553 1926 sunt
1575 1895 1698 1935 actast,

153 1949 228 1979 sint
250 1950 333 1979 acta
356 1949 401 1985 M,
421 1949 553 1979 sitacta
576 1949 609 1986 L,
626 1949 657 1978 si
678 1950 779 1979 tacta
799 1949 835 1978 G.
885 1946 1104 1978 subiunctiui
1127 1946 1225 1978 nulla
1248 1946 1339 1978 ratio
1362 1950 1427 1985 est,
1447 1956 1526 1978 oum
1549 1946 1593 1978 de
1615 1949 1701 1978 noto

156 2001 322 2041 certoque
339 1999 455 2040 spatio
471 2009 585 2031 sermo
604 1999 651 2030 sit
667 2009 780 2040 neque
796 1999 890 2031 adsit
907 1998 1020 2030 oratio
1037 1997 1224 2030 infinitiua.
1274 1997 1355 2030 uide
1372 2007 1401 2030 11
1416 1999 1481 2031 350
1496 2009 1546 2040 sq.
1566 2008 1648 2040 quos
1663 1998 1700 2031 in

146 2052 257 2093 plura
273 2050 360 2083 iubet
384 2051 476 2083 ratio
488 2051 671 2091 procedere
686 2051 784 2091 siqua
804 2051 809 2091 Ι
831 2051 1014 2089 interdum,
1033 2061 1136 2091 quam
1155 2055 1244 2082 sunt
1264 2050 1415 2082 numeris
1430 2055 1619 2082 memorata
1631 2061 1697 2091 per

152 2101 353 2142 orbem,'ubi
364 2103 498 2145 pariter
510 2101 575 2134 sint
587 2102 687 2134 codd.
703 2113 789 2134 rece.
804 2106 839 2134 et
852 2102 930 2134 edd.
945 2104 1050 2141 uett„
1063 2101 1156 2144 quod
1167 2102 1319 2134 correxit
1331 2101 1486 2144 Scaliger
1572 2105 1703 2141 loquar

154 2154 256 2187 codd.
284 2154 376 2186 Flor.
404 2157 441 2186 et
467 2154 585 2193 BodL,
610 2157 736 2192 loquor
761 2157 821 2193 GL,
847 2156 965 2192 liquor
988 2156 1023 2185 Μ
1110 2153 1153 2184 24
1176 2157 1332 2192 quotque
1354 2153 1549 2193 Bentleius,
1574 2157 1700 2193 totque

150 2206 233 2238 libri
320 2208 419 2237 urbis
446 2205 639 2245 Bentleius,
669 2208 764 2238 orbis
791 2204 867 2244 (ΗΡ,
896 2208 998 2237 orbes
1024 2207 1082 2237 LM
1175 2207 1281 2247 ‘quot
1307 2205 1416 2237 annui
1443 2205 1614 2245 eonsules,
1642 2210 1698 2238 tot

153 2258 246 2290 bella
276 2261 383 2300 atque
413 2258 509 2296 otia;
541 2257 635 2289 bella
663 2268 727 2299 per
757 2260 920 2296 aestates,
948 2258 1021 2289 otia
1048 2267 1109 2299 per
1139 2257 1290 2289 hiemes'
1316 2257 1508 2289 Bentleius.
1557 2260 1612 2289 tot
1638 2257 1700 2290 isti

151 2309 245 2342 orbis
268 2309 374 2341 duces
390 2309 450 2351 qui
468 2309 602 2341 fuerint
624 2310 718 2341 solus
735 2320 772 2341 se
788 2310 876 2341 scire
892 2308 1082 2351 profitetur
1102 2308 1289 2341 Stoeberus
1304 2321 1312 2347 ;
1336 2308 1486 2341 Iacobus
1506 2308 1596 2341 orbis
1611 2309 1697 2342 bella

152 2361 348 2400 coniunxit,
372 2360 567 2402 Pingraeus
590 2364 691 2403 parte
716 2363 854 2392 tantum
879 2360 1134 2392 emendationis
1158 2359 1386 2392 Bentleianae
1413 2363 1554 2402 recepta
1585 2360 1701 2393 edidit

153 2417 266 2454 totque
296 2412 397 2444 duces
427 2411 531 2444 urbis.
581 2412 643 2444 sed
673 2411 804 2443 multos
838 2411 998 2443 consules
1028 2411 1136 2443 fuisse
1167 2411 1237 2443 dici
1267 2422 1337 2443 non
1368 2410 1569 2443 attinebat:
1608 2411 1698 2444 illud

152 2466 351 2496 memoratu
383 2463 541 2505 dignum,
574 2463 689 2495 nullos
720 2463 793 2494 fere
824 2463 932 2495 fuisse
962 2463 1048 2504 quin
1079 2465 1116 2494 et
1146 2462 1277 2494 bellum
1307 2463 1480 2505 gesserint
1510 2466 1547 2494 et
1576 2473 1699 2505 pacem

153 2515 368 2558 pepererint.
417 2515 633 2546 contrarium
664 2525 829 2553 errorem,
859 2515 1011 2556 quotiens
1041 2524 1104 2555 pro
1135 2515 1264 2553 totiens,
1292 2513 1474 2546 Bentleius
1505 2524 1547 2546 ex
1578 2523 1608 2546 11
1635 2516 1701 2548 580

154 2567 328 2606 sustulit3
352 2566 465 2608 qualis
489 2569 526 2598 et
547 2566 638 2605 talis,
658 2572 806 2607 quantus
829 2569 866 2598 et
888 2571 1003 2598 Cantus
1026 2566 1156 2607 passim
1179 2569 1439 2608 permutantur.
1487 2566 1593 2598 multi
1615 2567 1700 2599 anni

153 2622 237 2651 sunt
265 2629 344 2651 curn
369 2618 405 2649 in
431 2617 534 2650 Ouid.
559 2621 642 2650 met.
666 2626 718 2649 xv
745 2619 850 2650 124-6
873 2617 1094 2649 scribendum
1119 2617 1194 2649 dixi
1215 2617 1300 2649 trita
1326 2617 1439 2649 labore
1458 2617 1463 2659 1
1484 2617 1557 2657 illa,
1579 2618 1701 2660 quibu-3

155 2670 274 2703 tociens
297 2670 425 2702 durum
448 2674 676 2701 renouauerat
699 2680 838 2708 ameum,
862 2668 867 2711 Ι
886 2673 979 2711 quot
1005 2668 1093 2709 (cod.
1112 2680 1203 2701 unus
1227 2680 1271 2701 m.
1292 2669 1324 2708 2,
1343 2673 1389 2701 tot
1412 2669 1534 2709 ceteri)
1558 2670 1700 2703 dederat

153 2732 285 2760 messeS,
320 2720 489 2763 percussit
523 2721 610 2753 colla
645 2720 765 2759 securi,
801 2731 891 2763 quae
925 2720 1034 2753 uerba
1064 2732 1100 2752 se
1131 2731 1255 2762 capere
1289 2724 1420 2762 negant
1451 2721 1511 2763 qui
1542 2721 1579 2753 in
1608 2721 1700 2754 boue

154 2773 351 2816 agricolaue
374 2783 503 2804 messes
527 2772 634 2804 dante
658 2783 727 2804 non
751 2772 919 2804 haerent:
943 2783 1007 2814 ego
1026 2783 1149 2804 aruum
1168 2773 1288 2814 potius
1307 2783 1435 2804 messes
1451 2772 1534 2805 dare
1555 2773 1698 2805 solitum

153 2824 371 2858 credideram
395 2828 443 2863 et,
469 2827 556 2866 quot
579 2823 747 2862 dedisset,
773 2824 905 2856 totiens
932 2824 1094 2856 renouari
1181 2823 1223 2855 26
1246 2824 1413 2865 differtur,
1441 2824 1631 2864 omittitur,
1657 2827 1699 2857 ut

152 2877 239 2910 Hor.
259 2887 364 2909 carm.
385 2885 425 2908 IV
443 2877 464 2908 4
482 2877 522 2908 21
545 2886 708 2917 quaerere
727 2875 847 2908 distuli
934 2875 975 2906 30
999 2875 1217 2918 interpunxi,
1236 2886 1314 2907 cum
1338 2875 1424 2908 ordo
1446 2876 1494 2908 sit
1517 2876 1696 2917 uulyatum
