1877 3146
143 146 198 184 10
738 144 800 186 M.
833 144 1085 186 MANILII

321 256 470 307 officia,
493 262 536 298 et
556 257 697 298 cultus
718 256 970 312 contingant
989 257 1177 311 praemia
1198 262 1360 312 quanta

200 338 265 370 110
321 330 482 381 edocet,
505 330 712 386 adpositis
733 345 830 372 cum
850 330 1033 372 mundus
1054 336 1259 372 consonat
1278 331 1415 373 astris.

320 404 571 446 iudiciorum
591 419 697 459 opus
718 404 762 445 in
783 410 937 459 quarto
956 410 1112 446 natura
1131 405 1290 447 locauit

320 478 622 533 fortunamque
641 478 722 520 fori
742 493 749 520 ι
787 478 1039 520 fundentem
1058 478 1190 520 uerba
1209 484 1441 534 patronum

321 552 664 608 pendentemque
683 567 804 594 reum
823 553 966 608 lingua
985 553 1215 608 rostrisque
1234 553 1446 608 loquentis

320 626 567 682 inpositum,
590 632 632 668 et
653 627 811 682 populo
831 626 1068 668 nudantem
1088 627 1260 669 condita
1279 627 1372 669 iura

198 708 265 740 115
320 706 451 755 atque
471 715 655 756 expensa
674 715 751 742 sua
771 701 1008 742 soluentem
1028 701 1163 756 iurgia
1182 701 1335 752 fronte,

135 816 370 858 similiterque
388 816 568 848 Phaedrus
585 826 614 848 11
631 818 650 848 5
666 817 709 848 24
730 827 798 848 non
821 817 965 849 multum
990 817 1086 858 eqisssti
1109 822 1138 850 et
1161 828 1266 859 opera
1289 819 1533 860 nequiquam
1551 818 1680 859 perit,

136 867 259 899 Liuius
275 877 315 899 1x
332 869 407 900 915
419 868 669 910 nequiquam
685 869 966 907 eluderentur,
984 878 1067 901 xxn
1079 871 1149 901 431
1168 869 1369 902 Hannibal.
1388 894 1395 902 .
1414 895 1421 902 .
1438 870 1684 911 nequiquam

136 920 292 951 detecta
310 920 446 961 fraude
469 919 507 952 in
530 925 645 952 castra
668 920 784 960 rediit,
810 920 846 952 id
873 925 927 953 est
951 921 1075 953 fraude
1098 932 1161 953 sua
1185 921 1326 953 detecta
1349 925 1456 963 atque
1475 921 1520 953 ad
1543 921 1684 953 irritum

136 971 303 1010 redacta;
342 976 397 1002 ter
427 971 519 1003 idem
551 971 644 1004 dixit
671 972 820 1004 Ouidius
850 973 944 1005 trist.
980 982 993 1004 1
1023 973 1045 1005 2
1078 974 1117 1006 13
1147 973 1252 1005 uerba
1284 973 1386 1005 miser
1405 973 1576 1014 frustra
1606 983 1683 1005 non

130 1022 410 1064 proficientia
430 1023 571 1063 perclo.
621 1023 742 1055 eodem
765 1023 867 1056 modo
890 1023 1015 1056 Graeci
1039 1025 1143 1063 μάτην
1167 1028 1316 1066 ponunt,
1341 1025 1467 1056 Aesch.
1490 1025 1556 1067 Ag.
1575 1025 1684 1057 4225

136 1076 242 1113 μάταν
260 1098 267 1106 .
288 1099 295 1106 .
318 1099 325 1106 .
345 1076 486 1115 βέβακεν
504 1076 592 1116 ὅψισ,
609 1075 684 1107 cho.
701 1076 765 1107 845
781 1086 831 1117 sq.
853 1077 937 1112 πρὸσ
951 1078 1112 1116 ’γυναικῶν
1130 1078 1366 1115 δειματούμενοι
1382 1078 1471 1116 λόγοι
1491 1076 1495 1118 Ι
1517 1077 1684 1117 πεδάρσιοι

139 1125 315 1167 θρῴσκουσι
347 1125 544 1166 θνῄσκοντεσ
574 1128 689 1165 μάτην,
720 1126 804 1158 Eur.
837 1126 946 1169 Hipp.
979 1128 1043 1159 916
1074 1128 1098 1158 ὦ
1129 1128 1225 1159 πόλλ’
1251 1128 1492 1168 ἀμαρτάνοντεσ
1522 1129 1684 1169 ἅνθρωποι

134 1179 254 1216 μάτην,
287 1188 327 1209 ac
364 1188 506 1219 prorsus
542 1178 655 1210 simile
692 1182 746 1210 est
781 1178 875 1220 quod
911 1178 1104 1220 Spenserus
1135 1184 1255 1211 noster
1291 1179 1385 1211 dixit
1415 1179 1451 1210 in
1481 1179 1590 1211 culice
1621 1190 1684 1212 suo

137 1227 343 1271 Vergiliano
370 1229 434 1261 358
464 1229 517 1260 the
540 1229 656 1270 praise
683 1229 726 1270 os
741 1229 828 1270 pitia
855 1230 990 1261 ranisht
1016 1230 1046 1261 is
1071 1230 1105 1261 in
1131 1230 1229 1262 vaine
1317 1230 1441 1263 Caton.
1469 1230 1550 1263 dist.
1578 1239 1618 1262 1v
1641 1231 1685 1262 42

133 1279 271 1320 qratior
302 1280 429 1320 officiis,
464 1291 529 1321 quo
560 1280 606 1312 sis
636 1291 733 1322 maye
764 1281 891 1320 carior,
925 1286 1003 1320 esto,
1026 1281 1030 1323 Ι
1051 1292 1091 1314 ne
1120 1292 1241 1314 nomen
1271 1282 1399 1321 subeas,
1432 1281 1523 1323 quod
1551 1282 1681 1322 dicunt,

143 1331 332 1373 officiperdi
347 1331 473 1363 attulit
489 1331 691 1371 Stoeberus,
710 1332 739 1364 si
761 1332 865 1364 modo
889 1332 1079 1365 Stoeberus
1102 1333 1171 1365 fuit
1194 1344 1234 1365 ac
1257 1344 1326 1365 non
1347 1333 1391 1365 ab
1411 1344 1451 1365 eo
1472 1333 1683 1375 compilatus

138 1383 389 1415 Vierschrotus
501 1383 563 1414 109
595 1384 714 1422 cultus,
748 1384 940 1416 amicorum
974 1384 1200 1417 colendorum
1231 1385 1390 1424 actionis,
1423 1384 1680 1417 obseruantiae.

137 1434 208 1467 Cic.
229 1434 273 1466 de
290 1435 361 1466 inu.
382 1444 411 1466 11
431 1436 489 1467 161
509 1434 737 1475 obseruantia,
758 1446 824 1477 per
840 1446 945 1477 quam
966 1436 1116 1468 homines
1136 1436 1258 1478 aliqua
1275 1436 1440 1477 diqnitate
1455 1437 1683 1470 antecedentes

140 1486 250 1518 cultu
273 1486 424 1528 quodam
448 1491 477 1518 et
501 1486 625 1518 honore
649 1487 849 1527 (liquantur,
874 1487 954 1519 Tac.
978 1487 1061 1519 hist.
1082 1497 1095 1519 1
1122 1489 1162 1520 10
1191 1488 1306 1520 Titum
1322 1488 1442 1528 filium
1468 1488 1516 1520 ad
1542 1498 1682 1520 uenera-

135 1537 260 1569 tionem
284 1538 507 1579 cultumque
532 1538 603 1570 eius
625 1538 776 1571 miserat.
824 1539 894 1570 alio
917 1550 1020 1571 sensu
1044 1544 1080 1571 ut
1104 1539 1245 1580 capiant
1266 1540 1374 1572 cultus
1391 1539 1553 1581 praemia
1574 1540 1681 1581 diyna

138 1589 192 1621 sui
223 1588 325 1621 Ouid.
351 1589 432 1621 fast.
460 1598 473 1621 1
505 1589 568 1624 678
658 1589 720 1620 110
749 1590 918 1631 adpositis
947 1591 1051 1623 astris
1081 1591 1164 1630 abL,
1198 1591 1350 1633 planetis
1381 1591 1427 1623 ad
1457 1594 1554 1623 certa
1582 1592 1682 1633 signa

138 1644 305 1682 certaque
332 1640 431 1672 athla
462 1641 596 1674 locatis.
645 1641 752 1674 Firm.
772 1651 844 1674 V111
867 1643 909 1675 29
935 1644 975 1674 12
996 1643 1098 1674 lunae
1125 1643 1304 1684 appositae
1393 1642 1453 1673 111
1475 1653 1539 1685 pro
1560 1648 1682 1682 quarto

139 1692 320 1724 Bentleius
345 1697 472 1733 quarta
496 1692 540 1724 ad
564 1704 596 1724 u.
624 1694 686 1725 105
707 1693 980 1733 accommodate,
1005 1694 1112 1733 facili,
1136 1698 1177 1726 ut
1198 1705 1240 1726 ex
1261 1706 1319 1726 uu.
1340 1695 1383 1727 20
1402 1697 1439 1726 et
1457 1695 1499 1727 56
1520 1697 1678 1736 apparet,

140 1744 336 1775 mutatione
355 1743 416 1775 sed
436 1743 579 1775 dubium
605 1755 649 1775 an
672 1745 877 1777 necessaria.
927 1745 1044 1787 potuit
1064 1745 1156 1777 enim
1179 1746 1290 1778 menti
1312 1750 1438 1788 poet-ae
1459 1745 1551 1777 obici
1573 1746 1678 1785 athlo,

135 1795 208 1827 loco
225 1795 313 1834 (102,
335 1795 422 1834 131),
441 1795 556 1836 yradu
579 1796 682 1835 (120),
701 1796 815 1828 labore
836 1798 937 1836 (146),
959 1797 1002 1828 de
1025 1808 1094 1839 quo
1115 1808 1240 1839 genere
1261 1797 1336 1829 dixi
1357 1797 1401 1829 ad
1418 1806 1448 1829 11
1464 1798 1528 1830 964
1617 1797 1679 1828 112

139 1850 320 1878 fortunam
336 1849 370 1885 G,
390 1849 535 1878 fortuna.
549 1850 607 1878 ΕΜ
698 1847 758 1878 113
775 1849 895 1880 rostris
910 1848 1028 1880 nullus
1044 1850 1138 1881 inter
1153 1859 1250 1881 reum
1275 1853 1311 1881 et
1333 1849 1483 1880 iudicem
1499 1849 1595 1880 locus
1611 1852 1676 1887 est,

140 1902 181 1930 ut
203 1898 336 1929 frustra
359 1897 437 1930 edd.
458 1901 546 1930 uett.
566 1898 751 1940 rostrisque
771 1900 958 1940 loquentem
980 1900 1138 1932 fecerint.
1186 1901 1383 1932 sententiae
1405 1904 1527 1942 aptum
1547 1903 1601 1932 est
1617 1910 1680 1932 nec

140 1950 244 1981 nimis
274 1950 376 1991 longe
404 1949 499 1988 (uide
526 1950 569 1984 74
598 1950 712 1989 astris,
741 1951 850 1990 aruis)
877 1962 897 1983 a
924 1951 1056 1983 litteris
1086 1951 1220 1984 recedit
1251 1952 1455 1993 neruisque
1485 1951 1650 1993 loquentis
1673 1950 1678 1993 Ι

137 2000 333 2042 inpositum.
383 2000 452 2033 Cic.
473 2000 574 2033 Verr.
596 2010 610 2033 Ι
627 2003 668 2034 35
688 2002 746 2034 hoc
762 2012 813 2033 me
832 2002 996 2044 profiteor
1016 2003 1236 2044 suscepisse
1254 2027 1261 2035 .
1283 2027 1290 2035 .
1311 2028 1318 2035 .
1339 2013 1434 2035 onus
1451 2028 1458 2035 .
1480 2027 1487 2036 .
1508 2028 1515 2035 .
1536 2003 1679 2043 dissitum

140 2054 176 2083 in
191 2062 256 2094 quo
272 2051 380 2084 omnis
395 2062 539 2084 neruos
554 2053 677 2084 aetatis
692 2052 947 2095 industriaeque
962 2065 1055 2086 meae
1071 2055 1309 2094 contenderem,
1329 2055 1372 2086 de
1388 2065 1436 2087 or.
1457 2063 1486 2086 11
1502 2055 1542 2087 91
1561 2054 1639 2096 Fufi
1641 2064 1680 2086 us

140 2114 285 2136 neruos
323 2103 363 2134 in
401 2103 573 2135 dicendo
614 2104 649 2137 Ο.
686 2104 859 2137 Fimbriae
883 2130 891 2138 .
913 2130 920 2137 .
941 2130 948 2137 .
977 2116 1043 2138 non
1073 2106 1283 2147 adsequitur,
1317 2115 1362 2137 111
1397 2107 1438 2138 80
1473 2116 1577 2147 neque
1608 2105 1678 2137 sine

129 2155 368 2196 forensibus
390 2155 529 2187 neruis
552 2155 636 2187 sati-s
659 2156 830 2188 uehemens
853 2162 883 2188 et
906 2157 1026 2197 {Ji-auis
1043 2181 1050 2190 .
1071 2182 1078 2189 .
1100 2182 1107 2189 .
1127 2168 1193 2189 esse
1215 2162 1333 2189 orator
1353 2162 1472 2198 potest.
1521 2157 1679 2198 uoltuque

138 2206 301 2248 loquentis
321 2206 324 2248 Ι
346 2206 526 2247 composito
554 2207 734 2239 Bentleius
824 2207 886 2238 114
908 2211 1101 2247 inpositum
1125 2212 1170 2248 Μ,
1193 2211 1363 2247 imposita
1389 2212 1448 2248 GL,
1473 2208 1566 2241 unde
1589 2209 1678 2240 nihil

141 2257 233 2300 quod
264 2257 444 2300 probabile
475 2262 567 2290 esset
597 2259 817 2291 extricarunt
923 2261 1120 2299 nudantem,
1154 2271 1232 2292 eum
1263 2260 1324 2302 qui
1354 2260 1479 2300 nudat,
1512 2260 1678 2292 iuriscon-

137 2310 282 2341 sultum.
331 2318 370 2340 1v
388 2310 519 2341 209-14
540 2309 604 2341 sub
625 2310 733 2342 Libra
753 2313 858 2343 natus
879 2311 989 2351 lequm
1011 2312 1143 2344 tabulas
1167 2317 1196 2344 et
1219 2312 1383 2344 condita
1407 2312 1500 2344 iura
1519 2312 1524 2353 Ι
1544 2311 1677 2344 nouerit

139 2386 147 2393 .
169 2386 176 2392 .
198 2386 205 2392 .
222 2365 406 2401 perpetuus
426 2361 574 2402 populi
595 2361 739 2402 priuato
762 2361 799 2393 in
821 2362 938 2394 limine
960 2368 1113 2404 praetor.
1138 2362 1142 2405 Ι
1163 2373 1227 2395 non
1252 2363 1321 2395 alio
1343 2364 1460 2404 potius
1481 2363 1612 2404 qenitus
1635 2363 1678 2396 sit

139 2412 282 2444 Seruius
312 2417 416 2451 astro,
439 2412 443 2452 Ι
465 2412 524 2453 qui
554 2413 638 2453 {eyes
666 2413 780 2453 potius
805 2414 933 2455 posuit,
967 2425 1042 2446 cum
1072 2414 1167 2446 iura
1193 2415 1341 2447 retexit
1429 2415 1566 2447 condita
1596 2416 1677 2447 iura

140 2463 345 2495 abscondita
376 2463 446 2495 dici
477 2464 703 2496 manifestum
733 2469 798 2504 est,
832 2476 1039 2508 quamquam
1069 2472 1105 2497 et
1131 2466 1343 2508 interpretes
1368 2466 1497 2498 fefellit
1527 2470 1563 2498 et
1592 2466 1677 2498 lexi-

141 2514 343 2557 cographos‚
366 2525 443 2546 cum
468 2515 536 2547 alio
560 2526 662 2547 sensu
687 2516 767 2548 iura
791 2517 929 2549 condere
953 2517 1036 2559 poni
1059 2518 1182 2556 soleat,
1201 2522 1241 2549 ut
1265 2518 1342 2550 Liu.
1365 2527 1485 2549 XXXIV
1500 2519 1520 2550 6
1536 2519 1566 2550 8.
1615 2518 1677 2559 qui

142 2565 278 2598 Manilii
303 2576 424 2597 uersus
449 2567 484 2597 in
510 2566 598 2598 thes.
624 2566 707 2609 ling.
733 2567 809 2600 Lat.
833 2578 898 2600 s.u.
924 2569 1028 2600 condo
1052 2568 1273 2608 adferuntur,
1291 2580 1408 2601 eorum
1431 2569 1549 2611 plures
1571 2580 1676 2611 quam

140 2627 204 2659 par
220 2620 297 2648 erat
312 2617 402 2648 male
422 2617 594 2649 intellecti
616 2622 700 2649 sunt
721 2622 757 2649 et
779 2618 867 2650 falso
889 2619 962 2650 loco
983 2620 1091 2661 positi
1181 2619 1240 2650 115
1261 2620 1441 2652 soluentem
1461 2620 1676 2653 substantiui

141 2669 217 2700 uice
240 2667 339 2709 fungi
362 2668 492 2699 indicio
516 2672 570 2700 est
590 2669 684 2710 quod
705 2671 895 2711 praecessit
916 2671 1124 2709 nudantem3
1151 2671 1282 2713 alioqui
1306 2675 1400 2703 recte
1422 2671 1498 2703 fieri
1521 2675 1673 2714 poterat,

137 2719 234 2762 quod
250 2718 346 2760 Fayo
365 2719 510 2760 placuit,
529 2723 570 2751 ut
590 2730 632 2751 ex
651 2720 848 2762 insequenti
869 2732 972 2753 uersu
994 2721 1178 2754 audiretur
1196 2722 1344 2754 iudicem
1421 2723 1526 2764 frons
1549 2723 1676 2755 iudicis

140 2782 209 2803 non
231 2770 337 2802 habet
357 2770 451 2812 quod
475 2774 557 2812 agat
580 2774 644 2803 aut
666 2772 702 2803 in
726 2772 904 2804 soluendis
927 2776 990 2805 aut
1013 2774 1048 2805 in
1071 2773 1308 2815 expendendis
1331 2775 1466 2816 iurgiis,
1484 2784 1573 2816 quae
1595 2785 1676 2816 pars

138 2822 304 2864 corporis,
327 2822 418 2853 sicut
440 2822 562 2854 uultus
583 2823 674 2854 oculi
696 2824 930 2865 supercilium,
953 2825 1140 2866 grauitatis
1161 2825 1362 2857 seueritatis
1383 2825 1548 2858 similium
1569 2825 1674 2858 index

136 2877 203 2913 est,
233 2873 410 2905 interdum
442 2873 561 2912 fallax,
589 2884 657 2906 non
689 2875 848 2907 iustitiae
879 2875 979 2908 sedes
1010 2880 1072 2908 aut
1102 2877 1295 2918 sapientiae
1325 2879 1387 2908 aut
1418 2878 1675 2909 controuersias
