1877 3146
178 176 232 213 68
455 173 515 214 Μ.
549 172 799 214 MANILII
835 171 1319 214 ASTRONOMICON
1362 172 1437 213 III

356 282 498 323 omnia
518 283 561 323 in
582 297 777 323 auersum
798 282 942 324 flectat
963 288 1196 337 contraque
1215 282 1419 324 reuoluat.

232 364 300 395 680
357 357 431 397 has
453 356 627 411 quidam
648 357 756 398 uires
777 363 930 398 octaua
950 357 993 397 in
1013 362 1135 411 parte
1154 362 1365 411 reponunt
1384 372 1393 408 ;

356 436 457 472 sunt
478 430 631 485 quibus
653 446 740 472 esse
759 431 899 485 placet
919 431 1106 472 decimae
1126 447 1134 481 ;
1171 446 1247 472 nec
1267 431 1403 472 defuit
1422 436 1570 472 auctor

358 505 429 559 qui
450 505 610 559 primae
630 511 847 547 momenta
867 506 988 547 daret
1008 506 1232 560 frenosque
1251 506 1426 548 dierum.

179 627 218 667 τῇ
242 626 383 666 ἀνατολῇ
408 628 483 658 ὄντα
505 628 694 667 μετατρέπει
719 628 848 666 ταχέωσ
873 628 908 657 τὸ
933 628 1149 667 πραττόμενον
1239 627 1391 658 consulta
1414 626 1499 658 alios
1520 627 1660 658 declinet
1681 626 1717 657 in

179 688 270 717 ‘ti-sus,
288 678 393 709 schol.
415 678 529 710 Germ.
551 678 670 719 Breys.
692 688 749 719 pp.
773 679 833 710 199
853 681 889 709 et
909 678 974 710 ‘223
992 678 1090 718 sissna
1114 680 1245 718 tropica
1264 677 1596 718 pereyrinationibus
1615 688 1716 719 prae-

179 734 255 760 sunt
286 734 314 760 et
345 729 480 760 omnino
507 729 649 760 motibus
677 730 733 768 (al.
761 729 961 768 mobilibus),
990 734 1018 761 et
1046 729 1082 761 in
1109 729 1257 761 consiliis
1283 729 1422 761 subinde
1449 731 1590 761 uariant
1616 734 1717 770 atque

175 785 398 820 permutant;
441 791 650 822 quamquam
690 781 859 812 Manilius
897 781 1016 822 potius
1055 781 1097 812 de
1135 781 1289 812 consiliis
1328 781 1545 822 insperatum
1583 781 1717 813 exitum

180 831 389 863 habentibus
416 832 574 873 loquitur
662 832 725 863 679
752 841 918 864 auersum
941 835 1010 871 LM,
1038 835 1238 871 aduersum,
1264 835 1305 863 ut
1328 833 1442 864 solent
1465 832 1609 871 scribae,
1633 835 1658 864 G
1681 835 1718 863 et

179 884 332 915 editores
359 894 486 915 omnes.
536 884 573 915 in
597 885 806 915 contrarium
829 884 878 915 sic
901 884 984 926 poni
1008 887 1130 915 notum
1154 887 1218 923 est,
1238 884 1338 915 uelut
1361 886 1438 916 Sen.
1458 884 1539 916 dial.
1560 893 1630 916 V111
1655 885 1674 916 8
1698 886 1718 915 4

179 940 388 976 tempe-states
405 960 412 967 .
435 960 442 966 .
463 960 470 967 .
493 946 580 976 quae
597 940 756 967 rectorem
774 936 810 966 in
826 935 1037 967 contrarium
1058 935 1199 976 rapiant
1215 948 1221 967 :
1246 935 1283 967 in
1298 937 1483 968 aduersum
1499 947 1568 967 non
1587 936 1718 967 dicitur

180 987 244 1018 nisi
270 987 312 1018 de
336 987 584 1028 progrediente
608 987 664 1018 uel
688 987 730 1018 de
755 987 890 1019 duobus
916 988 1009 1018 inter
1036 998 1072 1018 se
1099 988 1280 1029 oppositis,
1300 990 1340 1019 ut
1366 997 1378 1018 1
1403 988 1475 1020 684.
1525 998 1614 1029 quae
1641 988 1719 1029 quis

181 1041 303 1069 contra
335 1039 501 1076 reuoluit‚
535 1050 575 1070 ea
611 1039 647 1070 in
677 1049 837 1070 (luersum
872 1038 995 1078 flectit,
1029 1039 1092 1071 hoc
1128 1042 1181 1070 est
1216 1042 1320 1078 retro,
1355 1039 1422 1071 etsi
1457 1039 1616 1081 exempla
1645 1039 1720 1070 eius

179 1090 367 1122 locutionis
393 1094 534 1132 praeter
558 1091 648 1122 Plin.
674 1090 746 1122 n.h.
770 1100 810 1121 XI
833 1091 897 1122 248
921 1094 956 1122 et
980 1100 1057 1122 XXX
1081 1093 1124 1122 54
1147 1101 1215 1122 non
1240 1091 1408 1122 uidentur
1430 1094 1560 1123 extare.
1609 1091 1714 1133 Verg.

180 1142 267 1173 Aen.
293 1151 347 1173 ΧΠ
373 1143 435 1174 485
458 1153 596 1174 auersos
613 1167 620 1174 .
642 1167 649 1174 .
671 1167 677 1174 .
699 1153 843 1174 currus.
866 1168 872 1174 .
894 1167 901 1174 .
922 1142 1068 1182 retorsit,
1093 1142 1195 1175 Ouid.
1219 1145 1300 1174 met.
1327 1152 1384 1174 XII
1410 1144 1471 1175 136
1494 1153 1544 1185 sq.
1563 1147 1719 1183 retroque

169 1194 300 1233 serenti.
319 1194 324 1234 Ι
345 1205 482 1226 auersos
495 1205 641 1235 passu-33
666 1205 751 1236 quos
775 1194 868 1226 locos
885 1194 963 1226 ideo
983 1195 1071 1236 elegi
1093 1195 1174 1236 quia
1196 1194 1298 1226 ualde
1318 1195 1411 1226 inter
1429 1205 1465 1226 se
1486 1195 1617 1226 diuersi
1637 1197 1721 1226 sunt

267 1249 388 1277 flectat
405 1270 412 1277 .
434 1271 441 1278 .
463 1270 470 1278 .
490 1249 655 1278 reuoluat
681 1246 753 1284 (ΗΕ,
782 1249 927 1278 flectant
944 1271 951 1278 .
972 1271 979 1278 .
1001 1271 1008 1277 .
1028 1249 1217 1278 reuoluant
1247 1249 1304 1277 ΕΜ
1407 1245 1556 1277 680-682
1586 1246 1714 1278 Achill.

180 1297 262 1338 isag.
291 1298 332 1329 23
357 1298 517 1336 (Maassii
540 1309 661 1329 comm.
683 1298 718 1329 in
742 1298 843 1330 Arat.
868 1309 900 1339 p.
924 1300 966 1330 54
991 1298 1110 1337 17-20)
1133 1300 1304 1339 βούλονται
1329 1299 1363 1329 δὲ
1386 1299 1506 1339 τροπὴν
1531 1299 1626 1329 αὐτὸν
1651 1298 1719 1337 (τὸν

180 1351 284 1388 ἥλιον)
313 1351 473 1381 ποιεῖσθαι
505 1352 533 1381 οἱ
563 1352 620 1388 μὲν
653 1351 722 1390 περὶ
753 1351 816 1381 τὰσ
847 1351 965 1390 ἀρχὰσ,
998 1352 1024 1381 οἱ
1057 1351 1090 1381 δὲ
1122 1351 1193 1391 περὶ
1225 1351 1342 1390 ὀγδόην
1373 1352 1497 1391 μοῖραν,
1524 1352 1551 1381 οἱ
1583 1351 1617 1381 δὲ
1648 1351 1719 1390 περὶ

180 1401 372 1440 δωδεκάτην,
401 1403 429 1432 οἱ
465 1403 497 1432 δὲ
533 1403 605 1442 περὶ
641 1403 927 1440 πεντεκαιδεκάτην
956 1404 1011 1432 τοῦ
1048 1403 1218 1442 Καρκίνου,
1253 1401 1446 1443 Hipparch.
1478 1411 1507 1433 ΙΙ
1540 1403 1555 1432 l
1590 1402 1630 1433 15
1660 1402 1719 1439 τὴν

180 1454 331 1492 διαίρεσιν
357 1455 414 1484 τοῦ
439 1455 592 1493 ζῳδιακοῦ
618 1455 734 1484 κύκλου
761 1454 776 1484 ὁ
800 1455 858 1491 μὲν
877 1452 1019 1494 ”Αρατοσ
1044 1455 1216 1492 πεποίηται
1242 1455 1306 1484 ἀπὸ
1332 1455 1395 1484 τῶν
1422 1455 1579 1494 τροπικῶν
1607 1465 1642 1484 τε
1668 1454 1719 1484 καὶ

180 1505 366 1544 ἰσημερινῶν
399 1506 537 1543 σημείων
566 1506 758 1546 ἀρχόμενοσ,
785 1507 867 1536 ὥστε
895 1508 996 1536 ταῦτα
1020 1507 1060 1536 τὰ
1085 1507 1201 1544 σημεῖα
1229 1506 1337 1545 ἀρχὰσ
1360 1507 1439 1536 εἶναι
1463 1506 1592 1545 ζῳδίων.
1642 1505 1658 1535 ὁ
1685 1506 1719 1536 δὲ

180 1557 321 1594 Εὔδοξοσ
338 1558 419 1587 οὕτω
438 1556 583 1597 διῄρηται
600 1559 683 1588 ὥστε
705 1558 745 1588 τὰ
767 1558 913 1597 εἰρημένα
938 1559 1054 1595 σημεῖα
1077 1559 1160 1595 μέσα
1184 1559 1274 1595 εἶναι,
1293 1558 1333 1588 τὰ
1349 1558 1406 1595 μὲν
1423 1559 1479 1588 τοῦ
1494 1558 1653 1598 Καρκίνου
1668 1558 1720 1587 καὶ

179 1609 235 1638 τοῦ
251 1609 425 1649 ΑἰὙόκερω,
445 1610 485 1639 τὰ
504 1610 536 1639 δὲ
552 1611 608 1639 τοῦ
626 1610 725 1649 Κριοῦ
742 1610 793 1639 καὶ
809 1611 871 1639 τῶν
889 1611 1018 1648 Χηλῶν,
1038 1608 1172 1640 Colum.
1190 1618 1230 1640 IX
1249 1610 1289 1640 14
1307 1609 1346 1640 12
1362 1609 1529 1648 brumam,
1548 1608 1720 1649 quaesere

179 1659 354 1700 conficitur
381 1660 472 1692 circa
503 1669 578 1691 VII]
607 1659 674 1692 kal.
702 1661 781 1691 Ian.
809 1660 846 1692 in
873 1666 996 1692 oclaua
1020 1665 1124 1701 parte
1154 1660 1384 1701 Capricorni.
1405 1684 1412 1692 .
1433 1685 1440 1692 .
1461 1671 1519 1692 nec
1545 1670 1596 1692 me
1617 1659 1719 1700 fallit

180 1711 383 1751 Hipparchi
409 1711 512 1750 ratio,
542 1722 628 1752 quae
656 1713 748 1744 docet
779 1712 923 1744 solstitia
955 1718 984 1744 et
1016 1712 1231 1753 aequinoctia
1257 1723 1324 1744 non
1351 1712 1480 1744 occauis
1509 1713 1567 1744 sed
1590 1711 1718 1752 primis

174 1763 333 1802 partibus
352 1764 524 1803 sigynorum
545 1764 671 1804 confici.
720 1775 840 1795 uerum
863 1763 899 1795 in
922 1764 986 1795 hac
1008 1764 1102 1795 ruri-s·
1123 1763 1309 1805 disciplina
1329 1775 1449 1805 sequor
1470 1773 1559 1795 nunc
1579 1762 1720 1795 Eudoxi

179 1819 208 1845 ec
226 1814 371 1846 Metonis
387 1815 672 1856 antiquorumque
679 1816 798 1855 fastus
811 1816 1068 1856 astmlogyorum,
1084 1816 1143 1856 qui
1158 1820 1234 1847 sunt
1246 1815 1359 1856 aptati
1369 1815 1517 1856 publicis
1527 1814 1715 1856 sacrificiis.

180 1865 215 1896 in
243 1870 368 1897 octaua
394 1870 496 1908 parte
524 1867 701 1907 signorum
729 1867 856 1899 Caesar
880 1869 916 1898 et
944 1867 1125 1908 Sosigenes
1152 1867 1305 1898 solstitia
1331 1869 1367 1898 et
1393 1866 1613 1908 aequinoctia
1639 1876 1717 1897 con-

179 1917 384 1956 stituerunt,
407 1929 493 1959 quos
517 1918 687 1949 Manilius
710 1919 870 1960 sequitur
887 1928 931 1950 111
948 1919 1023 1957 257,
1045 1922 1082 1950 at
1105 1928 1119 1950 1
1142 1919 1206 1950 622
1227 1918 1482 1960 Hipparchum,
1501 1918 1720 1959 eundemque

180 1978 225 2000 111
241 1970 304 2003 ‘278
321 1980 410 2011 sqq.‚
430 1971 493 2002 395
515 1981 605 2012 sqq.‚
623 1971 687 2002 443
708 1981 798 2012 sqq.‚
817 1981 919 2012 quem
942 1973 1060 2002 tamen
1082 1970 1212 2002 deserit
1231 1971 1349 2009 625-8,
1368 1971 1506 2004 637-40.
1555 1969 1616 2012 qui
1632 1970 1716 2009 sint,

180 2021 306 2062 quibus
332 2021 468 2062 placere
492 2023 542 2052 ait
569 2022 723 2054 decimae
748 2023 859 2062 partis
887 2023 949 2053 has
974 2023 1067 2054 uires
1093 2033 1178 2061 esse,
1206 2022 1321 2053 nescio
1408 2021 1472 2052 680
1498 2024 1643 2060 quidam
1668 2025 1715 2060 Μ,

181 2076 322 2110 quidem
338 2076 371 2111 L,
391 2076 575 2111 aequidem
592 2077 617 2105 G
705 2078 833 2106 octaua
850 2077 884 2113 L,
904 2078 1051 2106 octauat
1069 2077 1104 2113 G,
1124 2078 1286 2106 octauam
1306 2077 1340 2105 M
1427 2073 1489 2104 681
1512 2077 1666 2105 decimae
1681 2073 1715 2113 ἦ,

180 2126 333 2155 decimas
364 2124 444 2156 libri
475 2136 544 2156 non
570 2126 691 2167 agnito
718 2126 891 2167 genetiuo.
941 2126 1071 2157 nemini
1098 2136 1263 2167 umquam
1290 2125 1423 2166 placuit
1449 2125 1512 2156 has
1536 2125 1629 2157 uires
1655 2129 1718 2157 aut

181 2174 331 2206 decimas
355 2177 447 2207 uires
471 2180 533 2207 aut
557 2181 675 2218 partes
701 2177 854 2208 decimas
878 2187 963 2215 esse,
989 2188 1078 2218 quae
1105 2177 1211 2208 uerba
1236 2180 1319 2208 sunt
1345 2187 1465 2208 sensus
1481 2177 1609 2209 inania.
1657 2177 1719 2208 uix

181 2227 302 2258 melior
330 2227 468 2259 Bentlei
495 2229 695 2260 coniectura
720 2234 783 2267 est,
812 2228 990 2267 decimam,
1018 2229 1139 2260 melior
1163 2228 1343 2270 aliquanto
1370 2228 1545 2269 Scaligeri,
1572 2227 1714 2268 decima,

182 2289 244 2309 nec
274 2282 391 2310 tamen
422 2279 535 2318 bona;
570 2291 682 2322 neque
712 2281 803 2311 enim
835 2280 922 2312 bene
954 2280 1085 2312 dicitur
1115 2290 1179 2312 esse
1210 2279 1342 2312 decima
1372 2282 1414 2311 ut
1443 2280 1491 2311 sit,
1521 2282 1557 2311 in
1585 2280 1717 2312 decima

176 2330 307 2370 positas
322 2341 388 2363 esse
