1877 3146
641 171 1127 214 ASTRONOMICON
1168 171 1244 213 III
1660 173 1710 211 21

351 284 425 325 uix
444 283 539 325 finit
558 284 670 325 luces
692 284 861 334 Cancer,
882 284 958 325 uix
977 283 1127 325 bruma
1147 283 1323 333 reducit,

227 365 296 397 230
354 373 484 413 quam
503 358 642 399 breuis
661 358 730 399 ille
749 358 872 408 iacet,
892 363 986 400 tam
1004 357 1153 413 longus
1173 357 1354 399 circulus
1374 357 1440 398 hic
1461 361 1524 398 est
1544 372 1552 407 ;

352 432 478 473 Libra
498 432 702 487 Ariesque
721 447 868 488 parem
887 432 1072 474 reddunt
1092 437 1346 486 noctemque
1364 431 1572 486 diemque.

349 507 408 548 sic
430 507 569 548 media
591 507 791 549 extremis
811 512 1005 562 pugnant
1025 512 1299 561 extremaque
1317 505 1505 548 summis.

350 596 428 623 nec
448 587 658 623 nocturna
679 582 820 623 minus
838 582 1010 623 uariant
1030 596 1160 636 quam
1177 586 1372 636 tempora
1391 580 1507 630 lucis,

350 656 425 697 sed
443 661 618 697 tantum
637 656 824 698 aduersis
847 655 961 697 idem
979 661 1068 697 stat
1088 655 1302 697 mensibus
1322 654 1436 696 ordo.

226 737 295 769 235
352 730 396 771 in
414 735 508 772 tam
527 730 718 771 dissimili
737 730 878 785 spatio
898 730 1110 785 uariisque
1130 730 1293 771 dierum

351 804 685 860 umbrarumque
705 805 841 846 modis
862 805 955 860 quis
975 804 1109 860 possit
1129 804 1296 846 credere
1316 804 1359 845 in
1379 817 1502 845 auras

352 878 494 920 omnia
513 879 633 934 signa
653 879 745 934 pari
766 879 914 920 mundi
933 879 1012 920 sub
1032 879 1121 934 lege
1141 880 1313 921 meare?

352 953 461 994 adde
482 953 597 1008 quod
617 953 779 995 incerta
799 958 863 995 est
885 954 1012 994 horae
1032 967 1228 994 mensura
1247 967 1384 1007 neque
1402 952 1535 994 ullam

352 1027 486 1068 altera
506 1042 584 1083 par
601 1027 807 1083 sequitur,
830 1027 917 1078 sed,
939 1027 1049 1069 sicut
1068 1041 1236 1069 summa
1254 1027 1418 1069 dierum

169 1205 298 1236 ceteris
322 1205 496 1244 oriuntur,
521 1205 582 1237 sed
607 1216 648 1237 ea
670 1216 760 1247 quae
783 1205 930 1237 solstitii
952 1208 1110 1247 tempore
1133 1207 1284 1246 surgunt
1307 1203 1475 1242 interdiu,
1493 1202 1625 1236 Cancer
1647 1203 1717 1235 Leo

171 1256 283 1298 Virgo
310 1255 416 1288 Libra
441 1256 606 1299 Scorpius
631 1257 868 1298 Sagittarius;
901 1257 993 1288 sicut
1017 1267 1060 1288 ne
1087 1255 1130 1287 de
1155 1255 1311 1287 hibernis
1338 1255 1479 1297 quidem
1504 1255 1715 1287 contrarium

173 1318 295 1340 uerum
313 1310 378 1346 est,
394 1308 455 1339 sed
477 1308 520 1340 de
542 1309 592 1340 eis
613 1319 702 1350 quae
725 1308 877 1340 brumali
894 1308 950 1340 die
966 1308 1140 1346 oriuntur,
1159 1307 1373 1349 Capricorno
1389 1306 1544 1349 Aquario
1558 1306 1718 1339 Piscibus

173 1359 297 1392 Ariete
314 1360 429 1392 Tauro
445 1359 614 1392 Geminis.
664 1360 784 1402 itaque
801 1363 896 1391 recte
911 1360 1081 1391 Geminus
1097 1360 1116 1393 7
1139 1359 1177 1393 17
1201 1362 1234 1390 ἐν
1255 1361 1313 1397 μὲν
1335 1360 1410 1390 ταΐσ
1431 1360 1630 1399 χειμεριναῖσ
1650 1359 1717 1396 νυξὶ

171 1413 212 1443 τὰ
240 1412 452 1452 πολυχρόνιον
480 1414 655 1450 ποιούμενα
681 1413 739 1449 τὴν
767 1413 928 1449 ἀνατολὴν
960 1413 1165 1452 ἀναφέρεται,
1193 1412 1224 1442 ἐν
1253 1412 1287 1442 δὲ
1314 1412 1390 1442 ταῖσ
1417 1412 1558 1451 θεριναΐσ
1585 1412 1650 1449 νυξὶ
1676 1412 1716 1441 τὰ

172 1464 310 1502 ταχεῖαν
333 1465 506 1501 ποιούμενα
530 1464 588 1501 τὴν
613 1464 775 1501 ἀνατολὴν
791 1464 973 1501 ἀνατέλλει,
992 1462 1087 1504 quod
1110 1462 1160 1493 eis
1181 1472 1270 1503 quae
1291 1461 1397 1503 paulo
1418 1465 1501 1493 ante
1519 1461 1719 1493 tradiderat

173 1524 368 1556 repugnare
384 1524 452 1545 non
470 1515 580 1545 sensit
667 1513 819 1545 229-237
836 1514 899 1546 hoc
917 1513 1004 1545 dicit
1019 1526 1026 1545 t
1051 1524 1130 1545 cum
1147 1513 1199 1545 sol
1215 1513 1251 1544 in
1264 1512 1397 1545 Cancro
1409 1512 1628 1554 longissimos
1643 1513 1718 1545 dies

174 1565 314 1604 efficiat,
343 1566 379 1597 in
407 1565 620 1607 Capricorno
650 1565 889 1604 breuissimos,
915 1565 952 1596 in
976 1565 1083 1597 Libra
1110 1567 1145 1596 et
1172 1565 1294 1596 Ariete
1324 1563 1486 1596 noctibus
1511 1575 1624 1606 pares,
1649 1575 1718 1596 non

172 1627 275 1658 posse
291 1617 388 1649 credi
408 1617 628 1648 ascensiones
652 1617 829 1658 signorum
853 1617 1015 1658 aequales
1039 1627 1136 1656 esse;
1159 1626 1327 1658 apparere
1349 1615 1453 1655 enim,
1472 1626 1562 1658 quae
1584 1616 1719 1648 aestiuo

174 1668 231 1700 die
255 1671 414 1711 surgant,
433 1668 570 1700 tardius
594 1679 735 1710 surgere
758 1679 863 1710 quam
887 1679 977 1710 quae
1002 1668 1170 1706 hiberno;
1203 1678 1292 1710 quae
1314 1670 1432 1699 autem
1457 1667 1716 1709 aequinoctiali,

172 1730 213 1751 ea
243 1720 298 1752 his
329 1720 479 1759 tardius,
506 1720 653 1752 celerius
683 1720 755 1752 illis
786 1720 871 1752 oriri
980 1719 1044 1751 229
1075 1722 1155 1751 finit
1183 1722 1281 1751 luces
1311 1721 1372 1757 GL,
1398 1722 1483 1751 sunt
1512 1722 1547 1750 M
1656 1720 1719 1752 uix

170 1772 303 1804 reducit
318 1776 399 1814 post
415 1777 554 1804 noctem
575 1772 645 1804 diei
662 1772 820 1811 oblitam,
839 1775 879 1804 ut
895 1772 947 1804 ait
962 1771 1027 1804 259
1114 1770 1178 1802 230
1196 1773 1257 1802 ille
1278 1770 1353 1802 cod.
1367 1770 1538 1810 Venetus,
1555 1772 1619 1802 ina
1634 1773 1718 1802 GLM

171 1827 317 1866 propter
334 1825 467 1862 bruma,
488 1825 543 1856 cui
560 1825 692 1856 nomini
709 1835 777 1856 non
795 1824 957 1866 congruit
969 1823 1104 1855 iacendi
1121 1822 1278 1861 uerbum,
1294 1822 1455 1864 congruit
1470 1821 1621 1854 brumali
1636 1822 1718 1855 solis

175 1876 318 1915 circulo,
338 1876 398 1917 qui
424 1875 567 1907 humilis
588 1879 653 1907 est.
700 1876 743 1907 de
764 1875 820 1907 ille
837 1900 844 1907 .
863 1900 870 1907 .
892 1900 898 1907 .
920 1875 973 1907 hic
994 1874 1075 1906 uide
1101 1883 1130 1905 11
1155 1874 1219 1908 872
1306 1877 1433 1912 longus
1452 1877 1487 1905 M
1509 1876 1546 1905 et
1564 1884 1607 1905 ex
1626 1884 1713 1906 corr.

175 1937 267 1959 man.
287 1929 302 1959 l
325 1931 360 1966 G,
380 1930 522 1966 longius
545 1931 595 1959 GL
683 1927 838 1965 circulus,
860 1927 981 1959 circuli
1005 1937 1106 1958 arcus
1122 1936 1224 1968 quem
1241 1925 1293 1957 sol
1308 1925 1464 1957 interdiu
1481 1925 1661 1964 describit,
1680 1929 1721 1958 ut

172 1979 269 2011 Seru.
291 1979 379 2011 Aen.
399 1988 413 2010 1
430 1980 494 2013 745
511 1979 616 2011 hieme
629 1979 781 2011 breuiore
794 1979 842 2010 sol
857 1979 968 2010 utitur
979 1978 1104 2011 circulo
1192 1976 1254 2008 231
1267 1986 1389 2015 parem
1405 1980 1500 2015 ΘΒΜ,
1519 1986 1623 2015 pares
1639 1977 1713 2010 cod.

171 2030 332 2062 Venetus
422 2030 486 2061 232
498 2031 624 2070 media,
638 2031 742 2062 Aries
755 2034 791 2062 et
804 2030 922 2069 Libra,
934 2034 1092 2071 pufflzomt
1109 2028 1276 2067 extremis,
1296 2027 1429 2061 Cancro
1442 2031 1478 2060 et
1491 2027 1715 2071 Capricorno,

171 2088 390 2123 extremaque
417 2083 494 2114 siue
521 2082 652 2121 infima,
682 2083 782 2114 uelut
807 2082 1052 2123 Capricornus,
1079 2084 1239 2123 pugnant
1263 2079 1415 2119 summis,
1444 2080 1543 2112 uelut
1569 2079 1713 2113 Cancro.

171 2133 330 2165 extremis
345 2136 382 2166 et
398 2139 549 2166 extrema
565 2134 705 2166 diuerso
721 2145 823 2165 sensu
838 2134 954 2175 posita
971 2132 1152 2164 Bentleius
1164 2132 1314 2164 notauit.
1364 2131 1503 2163 dixerat
1518 2131 1687 2163 Manilius
1704 2141 1717 2164 1

171 2187 234 2219 467
248 2196 298 2227 sq.
314 2185 430 2217 media
446 2185 603 2217 extremis
616 2190 716 2226 acque
729 2185 852 2217 ultima
863 2184 1003 2216 summis
1024 2183 1028 2224 Ι
1049 2184 1249 2216 creduntur:
1274 2194 1366 2215 nunc
1378 2183 1469 2215 mala
1479 2183 1717 2215 adfectatione

172 2236 239 2268 sibi
255 2237 329 2278 ipse
345 2237 541 2269 aemulatus
555 2247 617 2278 pro
634 2237 695 2268 illo
711 2237 834 2268 ultima
851 2236 996 2268 eandem
1013 2246 1132 2267 uocem
1149 2234 1403 2277 significatione
1426 2238 1565 2267 mutata
1587 2235 1716 2267 iterare

171 2288 299 2320 maluit
385 2288 450 2319 234
477 2289 655 2320 ‘aduersis
682 2288 859 2326 mensibus,
888 2288 925 2319 id
955 2291 1010 2319 est
1040 2287 1195 2329 septenis
1205 2286 1339 2318 ²—uult
1365 2287 1481 2318 dicere
1511 2286 1715 2328 septimis——

174 2341 183 2357 ⁶
197 2339 393 2382 quibusque
407 2339 595 2379 mensibus,
612 2343 767 2372 tenorem
782 2340 932 2371 eundem
948 2339 1104 2370 alternae
1118 2338 1255 2369 dierum
1272 2340 1308 2369 et
1323 2338 1480 2369 noctium
1496 2337 1715 2370 diuersitatis

172 2396 332 2423 constare
343 2392 404 2423 ait.
447 2391 573 2424 Cancri
585 2392 660 2424 dies
673 2392 914 2434 longissimae;
939 2391 1079 2422 aduersi
1091 2401 1174 2421 uero
1188 2390 1279 2432 signi
1291 2390 1365 2421 siue
1377 2389 1582 2431 Capricorni
1595 2393 1714 2422 noctes

171 2444 250 2485 pari
266 2443 438 2475 mensura'
454 2443 609 2485 Scaliger
696 2443 759 2475 236
776 2443 995 2474 numerosius
1019 2442 1186 2473 caderent
1205 2440 1312 2472 uerba
1328 2440 1377 2472 sic
1393 2441 1621 2482 transposita,
1637 2441 1714 2482 quis

171 2495 306 2527 credere
326 2494 435 2536 possit
459 2494 496 2526 in
520 2506 650 2531 auran
682 2495 743 2527 sed
769 2494 943 2526 traditum
970 2493 1128 2525 ordinem
1155 2492 1377 2534 aliquatenus
1401 2491 1561 2524 defendit
1585 2501 1625 2524 IV
1651 2493 1713 2524 195

172 2547 248 2587 quis
270 2546 378 2587 possit
405 2556 538 2578 cernere
565 2552 686 2578 cuncta
773 2546 836 2577 237
864 2554 982 2577 meare
1008 2544 1172 2586 Scaliger,
1205 2552 1347 2575 manere
1377 2543 1480 2575 libri:
1515 2544 1712 2576 contrarius

172 2608 268 2630 error
294 2597 396 2629 Lucr.
415 2607 441 2629 v
464 2599 534 2635 116.
584 2608 667 2629 uera
691 2598 841 2629 lectione
865 2598 1011 2629 inuenta
1035 2596 1188 2638 Scaliger
1211 2606 1314 2637 quam
1339 2595 1375 2626 in
1398 2594 1451 2627 ed.
1474 2596 1489 2627 1
1515 2595 1712 2637 protulerat

171 2649 409 2680 coniecturam
426 2648 462 2680 in
479 2648 581 2680 hora-s·
598 2673 605 2680 .
627 2673 634 2680 .
655 2673 662 2680 .
684 2659 820 2680 manere
838 2649 961 2679 merito
983 2647 1134 2686 abiecit3
1158 2647 1330 2679 abiectam
1351 2650 1546 2688 rapuerunt
1562 2646 1710 2678 Iacobus

171 2700 365 2732 Bechertus
392 2699 582 2732 Breiterus.
631 2700 667 2731 in
694 2711 802 2731 aura-s
828 2703 869 2731 ut
895 2699 1010 2732 Germ.
1041 2699 1166 2741 phaen.
1194 2699 1269 2738 571,
1299 2699 1373 2737 589,
1407 2699 1468 2733 671
1483 2710 1492 2737 ;
1529 2708 1643 2730 meare
1670 2704 1710 2730 ut

172 2752 254 2783 Luc.
272 2761 312 2783 1v
327 2752 391 2784 533
407 2762 457 2793 sq.
473 2762 540 2783 non
556 2751 720 2792 obliqua
740 2755 869 2783 meant
887 2752 999 2793 (signa
1015 2751 1051 2782 in
1067 2750 1170 2793 plaga
1182 2749 1330 2790 torrida)
1344 2760 1402 2782 nec
1419 2749 1535 2781 Tauro
1547 2749 1710 2790 Scorpius

170 2803 253 2835 exit
274 2802 279 2845 Ι
297 2803 448 2835 rectior
535 2802 598 2833 238
614 2803 728 2842 horae,
748 2804 835 2844 ὤρασ
851 2805 1008 2844 καιρικῆσ,
1027 2813 1115 2844 quae
1138 2802 1293 2834 cuiusuis
1314 2801 1385 2833 diei
1400 2812 1481 2843 pars
1502 2801 1708 2833 duodecima

172 2859 226 2886 est
306 2865 422 2896 neque,
436 2854 517 2886 uide
528 2854 572 2886 ad
586 2864 599 2886 1
615 2856 674 2889 137
757 2854 821 2885 239
837 2864 904 2893 par
920 2854 994 2886 cod.
1014 2854 1106 2886 Flor.
1126 2863 1210 2892 pars
1226 2856 1320 2886 (ΗΜ.
1360 2863 1465 2895 neque
1474 2853 1592 2892 ullam,
1605 2852 1642 2884 id
1654 2859 1708 2884 est

171 2907 278 2939 ullius
301 2906 371 2938 diei
395 2906 527 2946 horam,
546 2906 668 2945 altera,
687 2906 724 2938 id
745 2909 799 2938 est
820 2906 967 2938 alterius
988 2906 1069 2945 diei,
1084 2916 1156 2947 par
1171 2905 1332 2947 sequitur,
1353 2905 1414 2937 sed
1435 2907 1497 2937 aut
1515 2905 1626 2936 maior
1646 2908 1708 2936 aut
