1877 3146
602 144 1088 188 ASTRONOMICON
1130 145 1206 186 III
1627 148 1682 187 15

314 257 358 299 in
379 271 530 313 genera
550 261 593 298 et
613 256 747 312 partis
767 256 831 298 bis
850 271 925 298 sex
944 256 1081 298 diuisa
1101 258 1326 309 coercent),

313 345 441 380 nunc,
464 330 618 386 quibus
638 331 844 373 accedant
863 330 991 386 signis
1012 330 1281 386 quandoque,
1303 329 1542 372 canendum
1562 335 1638 372 est.

190 412 258 445 165
313 410 542 461 perpetuas
562 419 699 460 neque
719 404 831 447 enim
849 404 969 447 sedes
990 405 1192 447 eademne
1212 419 1286 460 per
1306 404 1443 446 omnis

312 479 453 521 sidera
471 479 684 521 nascentis
703 478 901 529 retinent,
923 479 998 520 sed
1016 484 1208 534 tempore
1228 484 1413 528 mutant,

312 568 426 595 nunc
446 552 528 595 huc
547 567 661 595 nunc
680 553 778 595 illuc
798 553 1015 609 signorum
1034 558 1152 595 mota
1173 568 1247 608 per
1267 553 1424 603 orbem,

313 627 536 669 incolumis
555 632 701 669 tamen
720 633 771 669 ut
791 632 962 669 maneat
983 627 1057 682 qui
1077 627 1274 669 conditus
1294 626 1397 669 ordo
1417 632 1492 669 est.

315 716 413 757 ergo
433 716 522 757 age,
544 716 597 742 ne
616 701 723 742 falsa
742 700 879 743 uariet
899 701 1093 756 genitura
1113 700 1259 756 figura,

190 783 256 815 170
311 775 347 818 si
366 790 444 818 sua
464 790 676 830 quemque
695 775 812 817 uoles
831 789 1028 817 reuocare
1048 775 1103 816 ad
1123 775 1242 830 signa
1262 775 1462 825 laborem,

312 850 528 892 Fortunae
547 849 748 905 conquire
766 849 907 891 locum
926 863 1000 904 per
1019 849 1156 891 5111613
1176 854 1344 899 cuncta,

313 938 423 979 quae
442 924 629 979 primum
649 928 713 965 est
733 923 992 965 aerumnosis
1014 937 1112 978 pars
1132 923 1248 965 dicta
1267 923 1347 965 sub
1367 922 1506 965 athiis.

313 998 386 1054 qui
405 998 485 1040 tibi
505 1012 604 1040 611111
622 997 750 1039 fuerit
770 1003 885 1040 certa
905 997 1069 1039 ratione
1088 1004 1292 1053 repertus,

312 1078 451 1115 cetera
472 1072 690 1128 praedicto
708 1071 990 1114 subeuntibus
1011 1072 1156 1114 ordine
1176 1072 1304 1128 signis

131 1185 294 1219 Herculis
318 1186 417 1218 athla
442 1186 587 1218 athletae
603 1185 698 1227 facti
725 1190 834 1224 eraut,
863 1191 904 1218 ut
927 1185 1049 1217 eodem
1076 1185 1298 1218 referendum
1329 1185 1494 1218 uideatur
1521 1185 1677 1218 eiusdem

131 1237 300 1270 Varronis
322 1237 484 1270 Herculis
500 1237 604 1269 athlis
620 1237 704 1269 ibid.
724 1248 758 1279 p.
781 1238 823 1269 82
913 1237 974 1268 163
998 1241 1159 1269 coercent
1181 1237 1492 1279 Regiomontanus,
1511 1240 1679 1270 coherent

130 1292 191 1328 GL,
207 1292 397 1322 cohaerent
413 1292 458 1327 M,
474 1288 568 1331 quod
584 1289 645 1330 qui
661 1292 793 1328 seruet,
812 1289 844 1321 ei
861 1299 947 1330 quae
964 1300 997 1321 u.
1020 1290 1081 1322 162
1100 1300 1170 1321 11611
1186 1300 1264 1321 611111
1281 1288 1410 1321 1360110
1426 1289 1462 1320 111
1479 1299 1548 1330 qua
1564 1289 1625 1321 sed
1642 1289 1678 1321 in

131 1340 208 1383 quis
233 1340 444 1373 mutandum
468 1341 525 1372 sit.
577 1351 700 1372 uerum
727 1340 933 1372 cohercendi
959 1340 1238 1383 cohaerendique
1269 1339 1377 1372 uerba
1408 1340 1574 1372 facillime
1598 1351 1675 1372 6011-

130 1391 341 1431 funduntur,
361 1392 461 1424 uelut
477 1400 490 1423 1
506 1392 571 1424 220
587 1392 756 1424 cohercent
773 1391 845 1430 (ΗΡ,
861 1392 1013 1424 coherent
1030 1395 1089 1424 Lm
1170 1391 1233 1423 164
1255 1395 1425 1424 accedant
1436 1393 1469 1431 ὕ,
1484 1394 1680 1424 ascendant

129 1443 224 1484 libri,
243 1443 336 1486 quod
360 1443 554 1485 Pingraeus
573 1446 716 1475 enarrat
744 1445 751 1459 ‘
763 1454 798 1475 se
823 1443 1025 1476 combinent
1037 1444 1054 1476 ’.
1104 1443 1203 1475 athla
1219 1454 1332 1485 neque
1347 1443 1545 1475 ascendunt
1567 1444 1677 1485 signis

131 1495 210 1535 (hoc
231 1498 285 1528 est
303 1495 428 1537 opinor
450 1505 513 1536 per
535 1496 649 1536 signa)
674 1505 786 1536 neque
809 1495 950 1527 omnino
974 1495 1178 1534 ascendunt,
1199 1495 1260 1527 sed
1283 1496 1391 1537 signis
1407 1499 1543 1527 eertum
1562 1495 1676 1527 locum

130 1550 226 1579 certo
243 1550 400 1589 tempore
417 1546 621 1578 tenentibus
637 1546 811 1578 accedunt
826 1550 933 1588 atque
956 1546 1192 1588 applicantur,
1216 1547 1308 1579 sicut
1329 1551 1383 1578 est
1407 1546 1443 1578 in
1465 1557 1498 1578 u.
1524 1547 1567 1579 80
1587 1546 1677 1578 alias

130 1598 196 1630 alii
209 1608 282 1630 sors
297 1609 448 1639 quaeque
471 1598 677 1630 accederet
697 1603 790 1630 astro
880 1597 922 1629 de
943 1598 1146 1639 quandoque
1170 1597 1244 1630 dixi
1265 1597 1311 1630 ad
1330 1607 1359 1630 11
1376 1599 1439 1632 745
1529 1597 1678 1630 165-167

130 1649 212 1682 111116
231 1650 339 1685 76-80
429 1649 490 1680 166
512 1653 670 1681 retinent
691 1649 976 1687 Bonincontrius,
1000 1652 1133 1682 retinet
1156 1649 1238 1682 libri
1327 1653 1485 1688 tempore
1507 1649 1674 1691 Scaliger,

129 1705 292 1740 tempora
321 1700 414 1740 libri,
447 1700 540 1742 quod
572 1700 753 1733 dimittere
791 1701 981 1733 noluerunt
1019 1700 1167 1733 Iacobus
1198 1706 1235 1733 et
1265 1700 1446 1733 Breiterus
1534 1704 1678 1733 mutant

129 1752 414 1792 Bonincontrius,
439 1756 558 1784 mutat
585 1752 667 1784 libri
756 1752 817 1783 168
843 1752 923 1784 uide
948 1753 1033 1784 8343
1124 1752 1185 1783 169
1212 1755 1331 1785 uariet
1361 1752 1676 1795 Regiomontanus,

129 1807 234 1837 uaria
249 1804 330 1836 libri
410 1804 544 1845 figura,
565 1805 720 1844 σχήματι,
740 1803 822 1836 111116
837 1804 968 1836 208-10
984 1810 1021 1835 et-
1037 1804 1082 1835 ad
1099 1813 1128 1835 11
1150 1805 1213 1836 856
1232 1804 1404 1836 adnotata
1493 1804 1556 1835 170
1577 1807 1678 1836 uoles

129 1855 204 1896 GL2,
221 1859 344 1888 uolens
359 1858 418 1887 ΒΜ
505 1858 662 1887 laborem
686 1855 969 1894 Bonincontrius,
996 1859 1116 1888 labore
1140 1859 1235 1894 ΘΒΜ,
1257 1859 1397 1888 labores
1420 1855 1495 1888 eod.
1516 1855 1678 1888 Venetus

218 1907 280 1939 172
303 1911 359 1940 est
379 1909 576 1940 erumnosis
591 1916 675 1946 pars
691 1908 724 1946 ·)(·,
743 1916 828 1945 pars
844 1911 899 1939 est
917 1910 1115 1939 numerosis
1133 1910 1206 1947 (GL,
1224 1910 1421 1940 muneresis
1437 1910 1483 1947 M)
1502 1907 1596 1946 libri,
1615 1908 1676 1949 qui

128 1962 281 1992 metrum
311 1959 588 2000 transpositione
617 1958 819 1990 litterarum
843 1962 1048 2000 corruptum
1072 1959 1258 1990 uerborum
1282 1959 1555 2001 transpositione
1578 1969 1677 1990 sana-

129 2013 224 2043 runt.
272 2021 362 2053 quae
393 2010 505 2042 Varro
536 2010 633 2042 athla
665 2010 829 2042 Herculis
861 2010 1067 2052 appellauit,
1100 2010 1195 2052 apud
1236 2010 1323 2042 alios
1362 2020 1548 2042 aerumnae
1578 2013 1675 2049 sunt,

129 2061 200 2095 cic.
220 2062 265 2094 de
285 2061 343 2095 fin.
364 2071 394 2094 11
413 2063 484 2101 118,
508 2061 622 2093 Plaut.
642 2061 737 2093 Pers.
757 2062 789 2100 2,
809 2061 911 2103 Epid.
935 2062 1008 2100 179,
1028 2061 1104 2094 Sen.
1126 2061 1218 2094 H.O.
1241 2062 1335 2100 1269,
1356 2062 1450 2094 Petr.
1476 2063 1518 2095 48
1538 2062 1569 2101 7,
1593 2061 1672 2094 qu.

129 2123 155 2146 x
171 2114 232 2147 361
322 2114 382 2146 sub
398 2113 512 2152 athlis,
532 2113 568 2145 in
584 2113 660 2145 loco
676 2124 745 2155 quo
762 2113 805 2144 de
821 2113 930 2144 athiis
947 2114 1144 2155 expositum
1162 2120 1227 2152 est,
1248 2124 1304 2145 uu.
1325 2114 1454 2146 96-155
1468 2126 1475 2145 :
1501 2114 1552 2145 ita
1566 2122 1595 2145 11
1611 2114 1677 2146 965

128 2165 211 2198 haec
223 2165 308 2198 mihi
323 2165 382 2198 sub
398 2170 491 2197 certa
503 2165 679 2197 stellarum
690 2169 794 2205 parte
811 2170 976 2196 canentur
1063 2175 1204 2197 uersum
1221 2164 1264 2196 ab
1280 2165 1359 2197 aliis
1375 2165 1508 2197 frustra
1525 2167 1674 2207 tempta-

128 2220 206 2250 tum
223 2217 357 2249 deleuit
373 2216 566 2255 Bentleius‚
585 2216 757 2258 quaedam
774 2216 862 2248 falso
878 2216 1084 2248 criminatus
1104 2218 1229 2258 (neque
1249 2217 1341 2248 enim
1363 2216 1421 2248 hic
1440 2217 1551 2258 magis
1571 2227 1676 2258 quam

131 2269 194 2301 190
217 2279 498 2310 superuacaneus
523 2271 577 2300 est
602 2268 808 2307 uersiculus,
835 2267 894 2299 sub
919 2268 1023 2300 athiis
1046 2272 1164 2300 autem
1190 2268 1404 2300 Manilianae
1429 2267 1676 2300 consuetudini

128 2320 232 2362 plane
263 2319 453 2359 conuenit),
483 2330 591 2351 unum
620 2320 814 2357 uerissime,
843 2319 937 2361 quod
963 2330 1144 2351 numerosa
1171 2319 1268 2351 athla
1295 2319 1472 2358 dicantur,
1501 2330 1580 2351 cum
1603 2319 1676 2352 sint

130 2371 326 2404 duodecim.
374 2371 435 2403 sed
451 2375 593 2413 praesto
609 2375 675 2410 est,
694 2371 756 2413 qui
775 2371 839 2402 hoc
856 2370 1038 2402 defensum
1060 2374 1128 2410 eat,
1149 2370 1293 2403 Ellisius
1315 2376 1407 2403 noct.
1433 2371 1529 2402 Man.
1554 2381 1589 2413 p.
1610 2372 1675 2404 83:

129 2422 270 2456 Nioben
286 2431 353 2454 xlv
364 2422 485 2454 liberis
501 2422 661 2454 orbatam
676 2432 853 2454 numeroso
861 2422 989 2462 sunere
1002 2427 1167 2454 maestam
1180 2422 1250 2454 dici
1269 2433 1289 2454 a
1302 2422 1513 2455 Nemesiano
1526 2433 1604 2464 eyn.
1621 2423 1672 2462 15,

128 2485 201 2507 rem
221 2485 438 2507 numerosam
459 2475 510 2513 (et
528 2473 683 2516 quidem,
701 2474 794 2516 quod
818 2474 963 2505 Ellisius
980 2474 1119 2512 reticet,
1138 2484 1276 2515 corpore
1293 2474 1329 2505 in
1345 2475 1477 2515 exiyuo)
1498 2473 1614 2506 C.I.L.
1634 2483 1675 2506 VI

131 2527 237 2559 10098
260 2527 280 2558 8
303 2525 423 2558 uocari
444 2525 621 2557 hominem
642 2534 667 2557 v
691 2525 828 2557 artibus
851 2526 1078 2563 instructum,
1098 2525 1251 2557 Plinium
1275 2525 1425 2567 denique
1451 2525 1525 2557 h.n.
1553 2534 1584 2557 11
1613 2526 1675 2558 119

128 2588 300 2610 summam
319 2586 376 2609 ΧΠ
400 2580 588 2609 uentorum
610 2587 826 2609 numerosam
849 2577 1035 2619 appellare.
1086 2577 1239 2619 quippe;
1262 2588 1340 2609 raro
1360 2577 1453 2609 enim
1472 2579 1585 2609 mater
1607 2586 1675 2610 XIV

128 2629 258 2662 liberos
284 2629 389 2661 simul
413 2629 534 2660 amisit
559 2639 622 2660 nec
647 2632 779 2660 temere
804 2629 966 2670 cuiquam
993 2629 1145 2671 contigit
1169 2632 1210 2661 ut
1236 2637 1259 2660 v
1287 2631 1381 2660 artes
1408 2631 1546 2660 teneret
1572 2639 1673 2668 unus,

128 2680 266 2713 Plinius
287 2685 417 2717 autem,
435 2680 534 2712 cuius
555 2679 662 2711 uerba
685 2679 830 2711 Ellisius
851 2680 1048 2712 exscribere
1069 2680 1194 2719 noluit,
1214 2691 1283 2712 non
1299 2680 1506 2723 simpliciter
1522 2691 1674 2713 numero-

129 2743 203 2764 sam
224 2731 313 2764 dicit
333 2740 390 2764 ΧΗ
411 2734 600 2763 uentorum
621 2731 807 2770 rationem,
825 2731 887 2763 sed
904 2743 945 2763 ex
967 2732 1227 2774 comparatione
1244 2732 1401 2771 alterius,
1420 2743 1526 2774 quam
1543 2732 1676 2764 breuem

129 2783 296 2826 appellat,
316 2792 357 2815 1v
380 2783 521 2814 omnino
544 2784 778 2824 agnoscentis.
827 2783 1005 2815 athlorum
1027 2793 1110 2815 uero
1133 2794 1300 2816 numerus
1323 2783 1571 2823 duodenarius,
1595 2794 1674 2816 cum

128 2835 262 2868 nullam
278 2835 324 2867 ad
339 2845 496 2867 normam
513 2834 605 2876 exigi
622 2835 732 2876 possit
749 2834 810 2866 sed
826 2834 900 2866 sola
923 2835 1178 2877 astrologorum
1200 2834 1347 2867 libidine
1368 2834 1524 2874 finiatur,
1544 2835 1675 2867 nemini

129 2890 193 2919 aut
209 2897 356 2929 magnus
367 2886 483 2918 uideri
498 2885 604 2918 debet
620 2888 683 2918 aut
698 2896 830 2928 paruus
921 2886 982 2918 173
1007 2889 1068 2925 qui
1083 2889 1152 2925 LM,
1172 2896 1262 2924 quae
1276 2890 1301 2919 G
1390 2886 1452 2918 174
1474 2892 1583 2919 cetera
1599 2886 1676 2919 loca
