1877 3146
605 131 1090 174 ASTRONOMICON
1132 132 1207 174 III
1627 137 1646 174 1
1657 136 1676 175 1

319 259 417 286 cum
436 244 564 286 iudex
583 244 672 286 ueri
693 244 796 286 nihil
816 244 998 299 amplius
1017 244 1202 286 aduocat
1220 244 1323 299 ipso.

320 318 528 374 quidquid
548 319 787 374 propositas
807 318 917 360 inter
936 318 1135 360 facundia
1155 319 1264 374 leges

319 393 459 443 efficit,
482 393 561 434 hoc
579 398 724 434 totum
744 398 911 448 partem
931 393 1136 434 concessit
1156 393 1198 434 in
1218 407 1349 434 unam

318 472 460 522 atque,
482 472 715 522 utcumque
734 472 887 522 regunt
907 467 1173 508 dominantia
1192 467 1341 517 sidera,
1364 471 1496 522 paret.

197 549 262 580 120
319 540 493 596 quintus
514 540 707 596 coniugio
727 541 882 597 gradus
903 546 967 582 est
988 555 1061 596 per
1080 541 1198 596 signa
1218 541 1384 582 dicatus

320 621 363 657 et
382 615 516 657 socios
535 620 655 657 tenet
677 620 720 657 et
740 615 1005 657 committem
1025 615 1201 670 hospitis
1222 630 1307 656 una

318 689 508 744 iungitur
528 694 571 731 et
590 689 737 731 similis
757 689 1013 744 coniungens
1033 689 1181 731 foedus
1201 689 1368 731 amicos.

138 810 360 852 disceptandi
397 810 600 849 facultatis;
639 821 718 842 nam
750 810 918 842 librorum
949 812 1159 852 scripturam
1187 820 1226 842 lv
1254 813 1289 842 81
1321 811 1463 843 alterius
1485 811 1606 851 frons
1635 816 1681 843 est

138 862 323 894 scribendis
347 862 471 902 leyibus
495 867 580 903 apta
606 862 665 903 qui
692 865 900 904 receperunt
927 861 1079 893 editores
1105 862 1253 894 Iacobus
1282 862 1473 894 Bechertus
1501 861 1681 894 ssreiterus

138 913 306 955 fugerunt
331 913 571 955 interpretari.
620 913 671 944 sin
700 918 818 945 autem
846 924 914 944 non
943 913 1217 945 instrumentum
1243 913 1303 945 sed
1328 913 1469 945 modum
1492 913 1681 955 significari

137 965 311 1004 uolumus,
337 965 497 1007 epitheto
524 975 611 1007 opus
638 965 717 1003 erit,
745 968 786 996 ut
812 964 890 997 Sen.
919 964 964 996 H.
980 964 1003 996 f.
1024 965 1150 999 579-81
1180 965 1241 1006 qui
1261 965 1380 1005 fronte
1406 965 1507 997 nimis
1533 965 1680 997 crimina

137 1016 258 1048 tetrica
276 1017 281 1056 Ι
303 1021 472 1058 quaerunt
495 1027 535 1048 ac
558 1020 685 1047 ueteres
708 1016 862 1048 excutiunt
885 1026 959 1047 reos
976 1040 983 1048 .
1004 1040 1011 1048 .
1033 1041 1040 1048 .
1061 1015 1214 1054 iuridici,
1236 1015 1277 1048 Il.
1303 1016 1378 1048 Lat.
1403 1017 1467 1050 879
1491 1016 1595 1048 iudex
1611 1041 1618 1048 .
1640 1041 1647 1048 .
1668 1041 1676 1049 .

136 1067 230 1100 litem
257 1067 417 1099 discernit
438 1067 559 1108 fronte
589 1078 718 1099 seuera.
768 1077 880 1109 neque
908 1068 957 1099 sic
985 1067 1093 1099 uerba
1124 1067 1235 1109 accipi
1261 1078 1362 1109 posse
1392 1071 1480 1109 puto
1507 1072 1547 1099 ut
1575 1067 1680 1100 iudex

137 1119 252 1162 iurgia.
268 1119 422 1161 ipsorum
444 1118 560 1150 fronte
582 1119 656 1150 siue
676 1119 788 1161 prima
812 1119 926 1160 specie
951 1122 1130 1161 tamquam
1154 1119 1385 1160 integimento
1407 1119 1523 1161 aliquo
1544 1119 1680 1151 soluere

138 1170 278 1202 dicatur
293 1172 330 1202 et
345 1170 529 1202 enucleare
543 1181 551 1208 ;
575 1181 655 1201 nam
672 1170 740 1202 etsi
757 1169 996 1209 Quintilianus
1014 1170 1095 1202 inst.
1116 1179 1156 1202 1v
1175 1172 1189 1202 1
1208 1171 1250 1202 42
1257 1171 1362 1211 frons
1377 1181 1500 1202 causae
1516 1181 1582 1202 non
1598 1171 1682 1203 satis

137 1222 287 1262 honesta,
317 1231 357 1254 XI
387 1224 403 1254 1
433 1223 472 1254 61
505 1222 590 1263 quid
620 1222 829 1263 asperiorem
859 1221 980 1253 habere
1001 1221 1157 1262 frontem
1184 1227 1315 1263 potest.
1337 1247 1344 1254 .
1367 1247 1373 1254 .
1394 1233 1498 1263 quam
1528 1233 1603 1254 cum
1634 1228 1680 1255 est

127 1273 208 1315 filio
231 1299 239 1306 .
260 1298 267 1306 .
289 1299 296 1306 .
325 1273 361 1306 in
394 1278 539 1306 matrem
572 1274 809 1314 perorandum
820 1273 846 1312 ?,
880 1282 936 1305 ΧΗ
967 1274 986 1308 7
1018 1275 1037 1305 8
1069 1274 1159 1315 quod
1190 1284 1231 1305 εκ
1263 1273 1384 1314 prima
1415 1274 1530 1306 statim
1559 1274 1680 1314 fronte

137 1325 332 1358 diiudicare
365 1325 637 1366 imprudentium
671 1330 729 1363 eat,
763 1324 885 1357 Cicero
915 1326 951 1356 in
982 1324 1051 1357 Pis.
1090 1326 1128 1357 12
1163 1325 1260 1357 istius
1295 1325 1461 1366 insiynem
1491 1325 1680 1367 nequitiam

129 1377 288 1419 frontis
325 1377 555 1409 inuolutam
593 1376 880 1418 integyumentis
918 1376 1023 1415 dixit,
1065 1381 1183 1408 tamen
1221 1387 1333 1419 neque
1371 1380 1453 1419 apte
1485 1377 1605 1418 fronte
1643 1381 1680 1409 et

136 1429 318 1461 soluentem
334 1429 425 1460 coire
441 1428 609 1460 uidentur
628 1431 664 1460 et
684 1427 801 1469 iuryia
822 1428 950 1460 soluere
971 1428 1073 1470 longe
1094 1428 1190 1460 aliud
1214 1431 1326 1467 sonat,
1346 1428 1382 1460 id
1403 1428 1569 1460 uidelicet
1585 1429 1678 1471 quod

138 1480 229 1514 Stat.
250 1480 338 1512 Ach.
358 1489 387 1512 11
404 1480 466 1514 337
475 1480 615 1520 formae
631 1480 819 1511 certamina
838 1480 977 1519 soluere,
996 1491 1100 1511 carm.
1121 1481 1229 1522 epigr.
1252 1479 1380 1512 Buech.
1400 1480 1464 1512 325
1480 1481 1500 1512 3
1517 1481 1680 1512 discinxit

138 1532 254 1573 iuryia
280 1532 396 1571 iudex,
423 1531 586 1563 dirimere
613 1535 720 1573 atque
748 1531 859 1569 finire,
891 1532 947 1563 cui
972 1532 1185 1563 contrarium
1216 1535 1270 1563 est
1297 1531 1413 1571 iurqia
1440 1537 1549 1564 nectat
1573 1532 1676 1564 Ouid.

138 1594 245 1616 amor.
269 1592 298 1615 11
320 1585 340 1615 2
361 1584 414 1622 35,
437 1585 456 1615 9
475 1585 526 1615 45.
577 1583 818 1625 expectaueris
842 1583 914 1614 fere
938 1594 1085 1624 expensa
1113 1583 1210 1623 pari
1234 1608 1241 1615 .
1262 1608 1268 1615 .
1291 1608 1298 1615 .
1325 1584 1457 1621 lance,
1485 1584 1680 1616 cuiusmodi

138 1638 222 1667 sunt
249 1635 344 1667 Pers.
372 1643 412 1666 1v
441 1635 481 1667 10
504 1645 552 1676 sq.
581 1634 708 1666 iustum
730 1634 864 1674 ‚qemina
891 1634 1092 1674 suspendere
1115 1635 1210 1666 lance
1230 1634 1235 1674 Ι
1257 1634 1418 1675 ancipitis
1441 1635 1560 1674 librae,
1586 1635 1676 1668 Plin.

138 1687 211 1719 n.h.
227 1695 282 1718 vn
298 1688 341 1718 44
356 1688 465 1718 uitam
481 1697 591 1728 aequa
604 1686 699 1718 lance
711 1686 908 1727 pensitabit,
924 1686 999 1718 cod.
1014 1686 1183 1718 Theodos.
1199 1695 1255 1717 ΧΠ
1272 1687 1290 1720 7
1310 1688 1324 1718 1
1344 1697 1470 1718 aurum
1482 1698 1573 1725 uero,
1589 1688 1681 1729 quod

138 1739 295 1780 infertur,
311 1748 422 1779 aequa
437 1737 531 1769 lance
548 1742 577 1769 et
593 1736 804 1769 libramentis
812 1737 957 1778 paribus
969 1737 1188 1778 suscipiatur,
1208 1737 1338 1769 Arnob.
1355 1747 1394 1769 VI
1406 1738 1427 1769 2
1438 1738 1521 1778 pari
1533 1739 1681 1779 pendere

137 1794 271 1822 cunctos
285 1790 402 1827 lance;
427 1788 517 1821 adde
535 1789 629 1820 Man.
647 1798 686 1820 1v
699 1790 762 1820 215
779 1799 828 1831 sq.
849 1789 885 1820 in.
906 1789 1063 1829 ambiano
1076 1789 1190 1829 ficei-it
1211 1789 1444 1831 quodcumque
1459 1790 1605 1822 locatum
1625 1790 1628 1832 Ι
1651 1796 1680 1823 et

137 1841 276 1874 rectoris
292 1851 399 1882 e9ens,
411 1840 572 1873 diriment
586 1841 746 1872 examina
762 1840 900 1872 Librae.
949 1840 1076 1872 uellem
1088 1843 1206 1873 tamen
1220 1841 1351 1873 seruari
1364 1841 1486 1873 liceret
1498 1852 1570 1880 sua,
1585 1842 1681 1883 quod

136 1893 254 1935 aliquo
271 1891 372 1925 modo
388 1891 593 1924 confirmare
610 1891 753 1924 uidetur
763 1901 787 1923 v
800 1893 860 1923 411
876 1891 935 1933 qui
950 1892 1128 1924 commissa
1144 1892 1214 1924 suis
1230 1891 1415 1924 rimabitur
1429 1893 1638 1933 argumentis

183 1944 245 1975 116
257 1955 348 1983 cum,
363 1943 407 1975 de
419 1954 502 1975 uero
515 1943 746 1982 iudicaturus,
759 1943 848 1975 nihil
861 1943 897 1975 in
909 1944 1092 1975 consilium
1108 1943 1259 1975 aduocat
1272 1947 1412 1985 praeter
1428 1955 1549 1976 uerum
1566 1945 1680 1987 ipsum

227 1996 288 2028 117
299 1995 498 2037 propositas
513 1995 602 2027 inter
616 1996 712 2036 Zeyes,
731 1995 768 2026 in
784 1995 1002 2027 orationibus
1025 1995 1069 2027 de
1092 1995 1167 2037 lege
1190 1995 1345 2034 ferenda,
1371 2001 1557 2038 postquam
1581 2008 1621 2029 ea
1644 1997 1681 2029 in

137 2047 318 2090 publicum
341 2047 523 2089 proposita
539 2049 605 2086 est,
624 2046 757 2078 habitis
847 2046 907 2077 118
928 2050 1045 2078 totum
1067 2050 1124 2085 GL,
1146 2056 1225 2078 eum
1243 2050 1277 2079 M
1366 2047 1428 2078 119
1448 2052 1578 2087 regunt
1601 2049 1676 2081 eod.

138 2099 248 2139 Flon,
265 2102 396 2142 gerunt
419 2101 502 2130 GLM
524 2101 565 2130 ut
584 2107 613 2130 11
635 2099 708 2137 140,
727 2101 752 2130 G
771 2099 877 2130 etiam
894 2107 934 2130 1v
950 2100 1011 2131 551
1102 2101 1206 2136 paret
1224 2098 1348 2140 Fayus,
1368 2104 1497 2137 parent
1513 2099 1594 2132 libri

183 2150 244 2182 121
272 2154 308 2183 et
335 2151 511 2192 posterius
538 2161 604 2183 om.
636 2153 670 2181 M
763 2152 981 2182 committem
1007 2153 1041 2181 Μ
1067 2152 1234 2191 sequente
1262 2151 1377 2192 spatio
1404 2150 1508 2182 solito
1536 2153 1679 2192 maiore,

138 2205 284 2235 comites
295 2205 329 2242 L,
345 2204 555 2234 comitantes
567 2202 670 2234 metri
684 2212 788 2233 causa
801 2205 827 2233 G
914 2201 1059 2240 comites,
1073 2200 1247 2244 <fa-sque>
1258 2201 1400 2242 hospitis
1412 2213 1482 2234 una
1502 2203 1506 2244 l
1528 2203 1683 2244 iunyitur

139 2254 307 2286 Barthius
337 2253 418 2285 adu.
447 2264 479 2296 p.
511 2254 586 2292 419,
614 2253 708 2285 haud
737 2263 863 2295 magna
889 2263 968 2284 cum
995 2253 1110 2295 specie
1137 2253 1197 2284 sed
1224 2264 1366 2295 prorsus
1393 2253 1437 2285 ad
1468 2255 1681 2287 sententiam

140 2304 411 2344 accommodate,
443 2315 655 2347 quamquam
686 2315 756 2336 non
789 2305 903 2337 minus
934 2304 1022 2336 bene
1053 2304 1264 2336 scriberetur
1293 2304 1464 2347 (iusque).
1513 2317 1618 2339 comes
1649 2313 1682 2340 et

137 2356 248 2389 socius
270 2357 408 2398 saepius
431 2356 703 2397 coniunguntur,
723 2356 822 2388 uelut
844 2355 916 2388 Cic.
934 2366 997 2398 pro
1013 2356 1122 2387 Marc.
1142 2356 1174 2395 2,
1193 2367 1257 2398 pro
1280 2356 1396 2388 Plane.
1421 2358 1492 2395 102,
1513 2368 1575 2399 pro
1592 2358 1677 2390 81111.

138 2409 193 2448 66,
212 2408 257 2440 ad
273 2408 350 2440 Att.
371 2416 412 2439 XI
430 2409 470 2439 14
488 2408 517 2446 1,
536 2407 581 2439 ad
597 2407 678 2439 fam.
700 2417 713 2439 1
729 2408 749 2440 9
765 2408 818 2446 22,
839 2407 925 2439 Hor.
946 2418 1050 2439 carm.
1072 2416 1085 2439 1
1102 2408 1120 2442 7
1137 2408 1191 2446 26,
1211 2407 1271 2440 Sil.
1292 2417 1331 2439 Ἡ
1348 2409 1423 2446 334,
1442 2408 1532 2441 Stat.
1553 2410 1632 2441 silu.
1651 2419 1681 2442 11

143 2462 159 2492 1
183 2461 237 2492 28.
286 2459 347 2491 sed
373 2458 469 2491 haud
493 2461 624 2490 temere
648 2469 722 2491 esse
745 2458 890 2490 uidetur
913 2458 1006 2500 quod
1029 2462 1063 2490 M
1086 2461 1123 2490 et
1146 2459 1299 2491 numeris
1324 2462 1360 2490 et
1385 2460 1535 2491 sermoni
1558 2471 1681 2504 repug-

140 2515 284 2544 nantem
315 2521 436 2542 uoeem
467 2510 667 2542 committem
698 2510 865 2549 exhibet;
903 2521 1015 2552 neque
1050 2510 1122 2542 ulla
1157 2511 1293 2542 ratione
1323 2510 1482 2543 diuersae
1512 2512 1681 2545 librorum

140 2564 338 2606 scripturae
353 2561 479 2594 melius
495 2561 718 2603 explicantur
734 2572 838 2604 quam
858 2564 899 2593 ut
919 2572 1088 2603 ponamus
1104 2562 1207 2593 initio
1223 2562 1331 2594 fuisse
1347 2563 1553 2596 committens
1567 2576 1575 2603 3
1598 2564 1681 2597 uide

139 2615 248 2647 etiam
277 2614 358 2646 Luc.
388 2622 435 2645 111
463 2613 539 2652 325,
566 2613 627 2645 ubi
654 2613 790 2645 codices
817 2613 1014 2652 committat,
1045 2613 1194 2653 comitat,
1224 2613 1410 2646 comitetur.
1459 2614 1577 2657 itaque
1602 2627 1681 2648 eum

140 2665 345 2699 committere
367 2675 436 2697 non
463 2675 652 2707 numquam
676 2675 740 2706 pro
765 2665 962 2706 coniunqere
987 2664 1057 2697 dici
1085 2665 1252 2704 uiderem,
1281 2665 1380 2698 uelut
1405 2665 1506 2699 Ouid.
1535 2677 1640 2699 amor.
1668 2677 1682 2700 1

145 2719 184 2751 13
214 2719 256 2750 46
286 2716 452 2750 commisit
481 2721 590 2748 noctes
607 2740 615 2748 .
636 2741 643 2748 .
666 2741 672 2748 .
693 2716 791 2754 duas,
822 2715 899 2748 Sen.
932 2715 1024 2749 H.0.
1058 2717 1140 2748 1568
1171 2718 1343 2749 commisso
1360 2742 1367 2749 .
1389 2742 1396 2749 .
1418 2742 1425 2750 .
1443 2723 1557 2759 ponto,
1591 2719 1681 2751 hanc

142 2769 309 2812 proposui
335 2768 593 2801 coniecturam:
629 2767 877 2799 committens
904 2768 1066 2809 hospita
1089 2768 1183 2800 iura
1208 2770 1301 2807 (nam
1324 2779 1396 2800 una
1423 2780 1467 2800 an
1495 2771 1565 2802 ima
1587 2770 1622 2802 in
1647 2774 1681 2802 M

141 2820 313 2863 scriptum
337 2819 384 2851 sit
406 2829 475 2850 non
498 2818 584 2850 satis
607 2818 756 2860 liquet).
779 2842 786 2850 .
807 2843 814 2850 .
833 2818 969 2859 foedus.
1020 2818 1081 2851 Sil.
1110 2827 1192 2850 XVII
1219 2820 1326 2854 68-70
1353 2820 1487 2861 hospita
1514 2821 1595 2853 iura
1611 2846 1618 2854 .
1640 2847 1647 2854 .
1670 2847 1677 2855 .

141 2876 284 2913 ruperat
372 2870 435 2902 122
455 2870 611 2911 iunyitur
626 2874 667 2902 ut
686 2870 747 2901 124
765 2869 931 2902 adiuncta
1019 2870 1055 2902 in
1076 2869 1231 2911 iunqicur
1247 2895 1254 2903 .
1272 2896 1280 2903 .
1301 2896 1308 2904 .
1328 2872 1530 2914 coniunqens
1548 2873 1681 2906 nullam
