1877 3146
174 151 228 189 46
770 148 831 191 M.
865 149 1117 191 MANILII

351 259 531 301 brumali
552 274 638 301 nox
656 260 768 302 forte
787 259 867 310 die,
889 260 1172 315 Capricornus
1191 260 1235 302 in
1257 260 1404 302 horam

354 334 575 375 dimidiam
595 334 767 375 attollat
786 334 911 384 luces,
935 340 977 375 et
997 334 1209 389 Aquarius
1230 334 1378 376 horam

229 415 298 446 460
355 408 444 463 ipse
463 422 586 449 suam
605 408 773 463 proprie
792 408 922 450 ducat
942 422 1217 463 summaeque
1236 409 1365 463 priori

353 481 572 537 adiungat,
595 482 736 523 Pisces
755 487 930 523 tantum
949 482 1028 523 sibi
1047 482 1251 537 temporis
1271 483 1350 537 ipsi

354 556 634 606 constituant,
658 561 871 611 quantum
890 556 1101 611 accipiant
1121 556 1174 598 de
1192 562 1305 598 sorte
1324 557 1485 611 prioris,

174 724 393 765 aequandam
431 724 597 762 tradent;
642 729 714 756 tres
752 725 856 756 horas
893 724 1033 756 Gemini
1071 724 1212 756 demum
1250 724 1453 766 explebunt.
1513 725 1718 757 conturbari

175 776 347 807 rationem
392 786 456 807 nec
502 776 657 818 Scaliger
702 776 813 807 sensit
858 786 921 807 nec
967 776 1169 808 Bentleius:
1218 776 1279 818 qui
1324 779 1520 815 senserunt,
1564 776 1718 808 Huetius

175 826 368 869 Pingraeus
399 827 590 866 Breiterus,
624 827 657 859 ei
695 827 823 869 quibus
860 838 1034 869 quamque
1077 827 1227 859 diuersis
1265 827 1424 860 artificiis
1460 827 1717 860 incommodum

175 879 335 911 deuitare
365 879 483 910 conati
513 879 586 911 sint
615 879 696 910 nolo
723 889 1017 917 commemorare;
1052 889 1165 921 neque
1196 879 1289 910 enim
1316 879 1502 921 quicquam
1528 879 1656 911 efficiet
1678 884 1719 911 ut

176 930 260 962 haec
292 932 394 962 ternis
422 930 537 971 fuerit
574 931 604 961 si
641 930 774 971 lonyior
812 930 904 962 horis
924 931 928 972 Ι
950 930 1099 962 brumali
1136 941 1204 962 nox
1232 930 1328 971 sorte
1366 930 1421 963 die
1458 930 1556 963 aliud
1592 930 1719 963 Latine

177 981 376 1024 significent
415 993 519 1024 quam
557 982 752 1014 brumalem
789 989 925 1014 noctem
968 981 1083 1014 tribus
1125 981 1221 1013 horis
1264 982 1456 1025 longiorem
1492 981 1578 1025 fingi
1615 993 1719 1024 quam

176 1033 370 1065 brumalem
387 1033 491 1072 diem,
510 1044 622 1075 neque
641 1045 682 1065 ea
703 1033 915 1076 significatio
937 1033 1086 1065 brumali
1107 1033 1143 1065 in
1164 1033 1330 1065 brumalis
1345 1037 1483 1066 mutato
1499 1033 1718 1072 mutabitur;

177 1085 230 1116 sin
255 1089 373 1116 autem
397 1085 523 1127 aliquis
547 1085 652 1117 scribi
676 1085 830 1116 uoluerit
853 1085 1013 1117 uernali.
1035 1109 1042 1117 .
1064 1110 1070 1116 .
1092 1085 1158 1123 die,
1184 1095 1253 1116 nox
1280 1095 1419 1127 quoque
1441 1085 1594 1117 uernalis
1616 1085 1718 1117 intel-

176 1136 314 1177 legetur
334 1147 447 1178 neque
470 1136 564 1167 ullus
587 1137 636 1168 sic
660 1137 856 1178 reperietur
879 1136 1006 1167 exitus.
1055 1135 1187 1174 eadem,
1206 1146 1295 1178 quae
1319 1136 1498 1175 Manilius,
1517 1136 1720 1169 cleomedes

177 1188 287 1219 tradit
304 1197 317 1219 Ι
333 1189 353 1221 6
374 1189 428 1226 (27
451 1190 518 1229 sq.)
539 1190 566 1219 εἰ
590 1187 707 1229 ὥ’ραισ
731 1190 768 1226 ἓξ
793 1189 940 1228 ὑπερέχει
963 1186 982 1225 ἡ
1005 1189 1143 1227 με’γίστη
1167 1189 1224 1226 τὴν
1249 1189 1427 1227 ἐλαχίστην
1451 1187 1578 1228 ἡμέραν,
1595 1187 1640 1228 τῷ
1661 1189 1720 1226 μὲν

177 1240 292 1279 πρώτῳ
315 1241 391 1278 μηνὶ
413 1239 594 1279 ἡμιώριον
618 1240 874 1280 προστεθήσεται
898 1238 938 1278 τῇ
962 1238 1072 1279 ἡμέρᾳ,
1099 1238 1143 1278 τῷ
1168 1240 1201 1269 δὲ
1226 1240 1358 1279 δευτέρῳ
1383 1241 1471 1280 ὥρα,
1496 1238 1542 1279 τῷ
1567 1241 1601 1271 δέ
1623 1241 1719 1280 τρίτῳ

178 1292 242 1330 ὥρα.
273 1293 326 1322 καὶ
356 1293 465 1329 ἥμισυ,
500 1292 546 1322 ὡσ
579 1290 619 1330 τῇ
650 1292 788 1331 τριμήνῳ
818 1292 931 1331 τριῶν
963 1291 1062 1330 ὡρῶν
1093 1292 1240 1330 γίνεσθαι
1271 1292 1329 1328 τὴν
1361 1292 1545 1331 προσθήκην
1654 1290 1719 1321 458

176 1344 300 1374 horam
316 1343 348 1380 ÷÷‚
367 1345 456 1374 hora
472 1342 565 1374 libri.
616 1342 672 1374 hic
689 1345 725 1374 et
741 1342 902 1374 Bentleio
918 1345 955 1373 et
971 1353 1050 1374 eum
1066 1342 1195 1373 secutis
1216 1341 1388 1384 Pingraeo
1404 1341 1531 1373 Iacobo
1547 1342 1719 1374 Becherto

177 1393 279 1435 longe
310 1393 469 1425 antefero
501 1394 783 1432 Muenscherum,
807 1404 910 1435 quem
941 1394 1030 1426 thes.
1059 1393 1142 1435 ling.
1170 1393 1248 1425 Lat.
1276 1402 1306 1425 11
1335 1403 1369 1435 p.
1399 1395 1482 1426 1149
1511 1394 1551 1425 21
1580 1404 1631 1435 sq.
1658 1393 1720 1425 illa

179 1445 412 1486 Capricornus
435 1445 472 1477 in
495 1445 581 1477 hora
600 1446 605 1485 Ι
625 1445 777 1477 dimidia
798 1445 932 1477 attollat
953 1446 1042 1477 luces
1063 1445 1114 1476 ita
1133 1445 1290 1486 accipere
1305 1448 1453 1487 apparet
1475 1445 1576 1487 quasi
1598 1444 1718 1487 Capri-

177 1507 303 1528 cornus
331 1497 463 1528 lumina
489 1507 552 1528 sua
575 1507 682 1538 supra
706 1496 923 1528 horizontem
947 1496 1142 1528 attollendo
1165 1496 1348 1528 dimidiam
1371 1497 1493 1528 horam
1516 1506 1719 1528 consumere

177 1548 340 1587 dicatur3
364 1559 452 1590 quae
468 1559 681 1590 quamquam
697 1548 885 1580 falsissima
900 1548 1076 1580 sententia
1098 1551 1152 1580 est
1173 1552 1209 1579 et
1230 1547 1492 1587 absurdissima,
1511 1548 1584 1580 sola
1599 1551 1718 1580 tamen

177 1600 227 1631 eis
243 1599 360 1631 uerbis
381 1601 481 1632 inest.
533 1601 593 1642 qui
616 1601 708 1631 enim
733 1599 917 1632 dimidiam
940 1600 1061 1631 horam
1085 1599 1187 1631 addit
1210 1599 1290 1637 diei,
1310 1600 1339 1631 is
1359 1599 1504 1632 dimidia
1524 1600 1610 1632 hora
1625 1600 1718 1632 diem

176 1651 323 1690 attollit,
342 1662 411 1683 non
428 1652 464 1683 in
481 1651 566 1683 hora
583 1651 739 1683 dimidia.
789 1651 1012 1694 quamobrem
1031 1651 1330 1693 Regiomontanus
1346 1662 1424 1683 cum
1440 1662 1550 1694 eoque
1565 1651 1721 1694 Scaliger

177 1706 214 1734 et
238 1703 396 1745 plerique
423 1703 584 1735 Bentleio
611 1703 745 1745 priores
769 1708 805 1734 ut
832 1713 895 1745 pro
922 1702 959 1735 in
985 1703 1258 1742 substituerunt,
1283 1713 1372 1744 quae
1398 1704 1549 1735 mutatio
1575 1703 1721 1735 alterius

178 1754 387 1786 mutationis
424 1755 670 1786 necessitatem
710 1753 839 1792 adfert,
873 1753 973 1785 uelut
1002 1753 1077 1796 ipse
1108 1753 1191 1785 olim
1224 1764 1288 1795 pro
1321 1753 1453 1785 cesserit
1484 1758 1522 1785 uc
1553 1755 1719 1796 proposui

179 1805 353 1837 asseritur.
418 1816 510 1837 nune
549 1805 637 1837 duce
676 1805 848 1847 Lipsiensi
886 1805 921 1836 in
960 1805 1081 1837 horam
1118 1804 1304 1837 dimidiam
1341 1806 1503 1844 restituo,
1542 1805 1637 1848 quod
1674 1806 1718 1838 ab

177 1856 335 1889 ablatiuo
358 1868 540 1889 mensurae
563 1857 621 1888 uel
644 1856 864 1888 differentiae
888 1856 1003 1888 indice
1022 1867 1091 1888 non
1111 1857 1212 1898 longe
1234 1856 1412 1888 diuersum
1435 1867 1508 1888 esse
1526 1856 1719 1889 ostendunt

178 1917 191 1940 1
220 1909 284 1942 574
312 1909 414 1948 (alter
441 1908 606 1948 circulus)
635 1908 808 1949 quinque
836 1908 875 1940 in
898 1913 1042 1949 partes
1067 1908 1239 1949 aquilonis
1261 1908 1365 1939 distat
1388 1908 1430 1940 ab
1453 1908 1541 1947 orbe,
1565 1908 1626 1940 ubi
1648 1908 1719 1940 dici

177 1960 297 2002 potuit
327 1960 475 2001 quinque
506 1960 679 2002 partibus,
712 1969 758 1991 111
793 1961 856 1994 577
887 1970 937 2001 sq.
973 1959 1159 2000 triplicabit
1189 1959 1371 2000 Aquarius
1404 1970 1512 1991 annos
1531 1959 1535 2001 Ι
1557 1965 1720 2001 quattuor

177 2017 207 2043 et
234 2022 384 2043 mense-3
409 2012 520 2044 uitam
544 2012 711 2053 producet
738 2011 779 2043 in
804 2016 900 2050 octo,
919 2022 1029 2043 annos
1053 2011 1237 2043 duodecim
1261 2016 1338 2043 octo
1362 2011 1538 2043 mensibus
1561 2011 1716 2053 augebit,

178 2063 241 2097 627
274 2073 324 2104 sq.
359 2068 486 2104 quanto
511 2062 705 2103 fraudavit
738 2067 884 2103 tempore
915 2063 1013 2100 luces,
1036 2062 1041 2103 Ι
1062 2062 1102 2094 in
1130 2067 1284 2094 caucum
1314 2067 1423 2094 noctes
1451 2068 1562 2103 avaei,
1596 2063 1634 2095 id
1665 2066 1720 2095 est

178 2117 280 2146 tanto
310 2115 479 2156 temporis
509 2115 735 2146 incremento.
786 2117 942 2146 ceterum
972 2125 1041 2145 non
1072 2113 1234 2156 equidem
1265 2113 1370 2145 laudo
1407 2113 1495 2145 duos
1533 2115 1719 2147 continuos

178 2176 300 2198 uersus
320 2166 356 2197 in
378 2166 499 2198 horam
520 2169 702 2204 exeuntes,
725 2176 794 2207 qua
816 2165 858 2197 de
878 2165 1101 2208 neglegentia
1124 2165 1198 2197 dixi
1221 2165 1393 2207 quaedam
1416 2165 1462 2197 ad
1485 2174 1515 2197 11
1537 2166 1623 2204 523;
1656 2166 1717 2199 sed

178 2220 297 2249 tamen
323 2218 419 2249 haud
447 2218 558 2249 multo
583 2218 631 2249 sic
658 2217 812 2249 deterior
837 2217 958 2248 euadit
985 2217 1116 2258 triplex
1140 2216 1226 2248 haec
1251 2217 1406 2248 eiusdem
1431 2218 1526 2249 uocis
1550 2218 1718 2260 repetitio

178 2269 270 2301 hori-3
286 2269 372 2300 hora
389 2269 518 2306 horam,
539 2279 650 2310 neque
668 2269 770 2310 plane
786 2268 879 2300 idem
895 2272 997 2300 sonat
1014 2269 1133 2300 horam
1146 2268 1333 2299 accedente
1345 2268 1528 2301 dimidiam
1541 2269 1717 2302 adiectiuo

179 2323 215 2352 et
231 2320 375 2352 absente
463 2320 527 2351 459
550 2323 732 2352 dimidiam
748 2323 781 2358 L,
797 2322 944 2352 dlmjdia
962 2319 1058 2352 GL2M
1145 2319 1207 2350 461
1231 2322 1301 2357 ipsi
1317 2319 1626 2361 Regiomontanus‚
1641 2324 1719 2360 ipse

179 2374 248 2410 Lm,
271 2374 370 2410 ipsae
389 2375 414 2403 G
501 2371 565 2402 462
582 2383 644 2413 pro
662 2372 835 2412 accipiant
851 2371 951 2403 Voss.
979 2373 1016 2403 18
1033 2374 1070 2403 et
1086 2371 1202 2403 Bentl.
1226 2373 1243 2402 ὂ
1264 2371 1448 2412 accipiunt,
1470 2372 1562 2413 quod
1587 2373 1719 2405 rectius

179 2426 243 2462 est,
273 2423 334 2455 sed
361 2423 607 2455 subiunctiuus
633 2423 709 2465 pari
741 2423 944 2455 condicione
967 2423 1112 2465 ponitur
1135 2423 1199 2455 402
1222 2428 1268 2461 uc,
1298 2428 1463 2464 quantum
1490 2435 1560 2456 una
1581 2425 1717 2464 ferat,

179 2479 313 2507 triticum
331 2475 504 2507 tribuatur
590 2475 719 2516 prioris
737 2485 947 2517 quamquam
964 2485 1032 2506 non
1049 2477 1144 2506 recte
1161 2474 1292 2506 dicitur
1313 2475 1416 2513 (nihil
1432 2476 1524 2507 enim
1541 2475 1657 2508 Pisces
1673 2477 1718 2509 de

180 2530 274 2558 sorte
291 2527 441 2568 Aquarii
462 2527 653 2569 accipiunt,
672 2526 733 2558 sed
757 2529 887 2558 sortem
909 2527 983 2558 eius
1005 2530 1128 2564 totam,
1148 2526 1267 2558 horam
1289 2537 1366 2558 cum
1388 2526 1546 2566 dimidia,
1572 2538 1717 2570 eamque

181 2577 390 2619 duplicant),
423 2578 532 2610 nihilo
563 2581 681 2609 tamen
712 2578 837 2610 melius
868 2578 1021 2619 Scaliger
1048 2577 1208 2618 priorum
1238 2578 1404 2620 scripsit;
1442 2589 1522 2610 nam
1553 2579 1715 2620 duorum,

180 2628 384 2671 Capricorni
413 2630 643 2671 Aquariique,
676 2640 750 2661 sors
787 2640 857 2661 non
888 2630 997 2661 maior
1028 2631 1080 2661 est
1110 2639 1215 2671 quam
1252 2629 1356 2661 unius
1386 2630 1545 2671 Aquarii,
1577 2631 1646 2663 nisi
1675 2643 1716 2664 ea

181 2681 328 2713 dimidia
344 2681 440 2719 hora,
460 2691 548 2722 quae
565 2681 706 2723 utrique
723 2681 915 2712 communis
931 2683 993 2714 est.
1013 2680 1068 2712 bis
1086 2684 1299 2712 numeretur.
1348 2692 1460 2723 neque
1480 2692 1572 2714 nunc
1592 2683 1711 2724 probo,

179 2733 272 2775 quod
289 2743 379 2764 anno
398 2733 480 2765 1903
493 2733 719 2771 conieceram,
730 2731 877 2773 priores,
893 2736 933 2764 ut
951 2732 1065 2764 Pisces
1081 2735 1221 2764 tantum
1238 2732 1281 2763 de
1297 2743 1360 2764 suo
1375 2732 1504 2765 addere
1516 2732 1717 2767 dicerentur

179 2788 350 2826 quantum
371 2784 504 2825 priores
528 2784 597 2815 duo
619 2783 662 2815 de
685 2787 780 2815 sorte
806 2783 881 2815 siue
904 2783 1019 2825 capite
1042 2792 1082 2814 VI
1105 2783 1270 2815 horarum
1292 2783 1512 2825 acciperent;
1546 2795 1615 2826 qua
1637 2796 1715 2817 con-

180 2836 315 2868 iectura.
338 2835 405 2867 etsi
429 2835 522 2866 iusta
544 2834 696 2867 efficitur
719 2835 905 2873 sententia,
932 2837 1051 2866 tamen
1074 2834 1143 2866 alio
1167 2834 1266 2866 ducit
1289 2835 1543 2867 contrariorum
1566 2837 1659 2868 inter
1679 2848 1716 2869 se

180 2887 316 2926 relatio,
341 2886 406 2919 sibi
428 2886 495 2927 ipsi
518 2886 733 2925 conncituanc,
759 2886 932 2927 accipiant
959 2887 999 2918 de
1027 2891 1122 2918 soree.
1173 2887 1290 2928 itaque
1322 2887 1357 2918 in
1384 2886 1518 2919 tradita
1541 2888 1719 2930 scriptura
