1877 3146
143 160 201 198 26
742 156 802 198 Μ.
836 155 1088 198 MANILII

323 284 421 311 cum
439 269 626 311 subeunt
644 269 803 310 orbem.
863 283 1092 323 rursusque
1112 283 1137 310 a
1156 269 1291 311 sidere
1310 269 1461 310 Librae

324 343 468 385 ordine
488 348 658 385 mutato
677 343 851 398 paribus
871 357 945 398 per
964 348 1160 398 tempora
1179 358 1301 385 uersa

199 425 268 457 290
324 417 550 459 momentis
569 416 762 458 redeunt.
821 431 934 467 nam,
957 431 1031 472 per
1051 423 1157 472 quot
1178 423 1368 459 creuerat
1387 423 1551 459 astrum

324 491 517 547 Lanigeri
536 490 676 532 stadia
696 496 773 532 aut
793 491 930 541 horas,
950 496 1020 534 tot
1039 491 1167 532 Libra
1188 491 1370 542 recedit3

325 565 608 620 occiduusque
627 565 747 606 Aries
766 565 954 620 spatium
972 571 1229 620 tempusque
1249 565 1428 607 cadendi

325 639 439 695 quod
459 644 589 690 tenet,
611 639 655 680 in
676 645 848 681 tantum
868 639 1020 680 Chelae
1040 654 1289 694 consurgere
1308 645 1515 695 perstant.

325 714 542 769 excipiunt
561 713 726 755 uicibus
745 727 789 755 se
808 713 927 769 signa
947 714 1170 768 sequentia
1189 714 1331 755 uersis.

189 885 252 917 288
268 894 291 917 a
306 887 420 917 sidere
443 884 518 917 cod.
533 884 692 916 Venetus
714 888 751 915 et
775 883 939 925 Scaliger,
958 887 1005 916 ad
1021 886 1138 916 sidera
1160 887 1244 916 GLM
1331 884 1395 915 289
1417 884 1536 917 ordine
1558 888 1689 916 mutato

143 941 183 969 et
196 947 258 978 per
274 941 428 977 tempora
444 947 542 968 uersa
560 935 646 977 quid
662 935 861 977 significent
882 935 1041 967 uersibus
1057 937 1165 968 2904
1186 936 1375 978 exponitur
1461 935 1526 966 290
1548 936 1689 967 redeunt

146 993 254 1027 astra,
295 988 331 1020 id
369 991 423 1020 est
461 998 581 1019 eorum
620 988 839 1020 ascensiones
869 987 1202 1029 descensionesque;
1249 988 1330 1019 uide
1367 988 1432 1020 282
1521 992 1684 1020 creuerat.

146 1040 323 1073 crescendi
346 1039 494 1071 uerbum
517 1042 666 1081 apparet
688 1050 758 1071 non
782 1050 874 1071 nunc
898 1042 939 1070 ut
962 1049 1019 1070 uu.
1040 1039 1115 1077 282,
1134 1039 1209 1078 284,
1228 1040 1293 1071 412
1313 1040 1395 1081 poni
1416 1038 1477 1071 sed
1498 1039 1591 1071 idem
1615 1048 1689 1070 esse

144 1092 238 1134 quod
255 1102 288 1123 u.
308 1092 372 1123 293
389 1101 598 1131 consuryere,
617 1091 710 1122 sicut
725 1101 830 1122 uersu
851 1091 1048 1132 insequenti
1071 1091 1196 1122 recedit
1212 1091 1249 1122 id
1265 1091 1440 1132 significat
1455 1090 1549 1132 quod
1572 1101 1605 1122 u.
1625 1090 1690 1122 292

145 1143 303 1182 cadendi,
329 1153 399 1174 non
423 1142 517 1184 quod
543 1142 701 1174 recedunt
729 1143 816 1180 240;
840 1141 904 1173 hoc
931 1142 1021 1173 enim
1051 1142 1194 1181 dicitur,
1223 1145 1325 1173 tanto
1352 1145 1509 1184 tempore
1532 1141 1690 1173 occidere

146 1196 287 1227 Libram
311 1198 444 1236 quanto
467 1194 626 1225 Arietem
650 1194 733 1225 oriri
758 1204 863 1235 supra
886 1193 1084 1232 didicimus,
1104 1196 1204 1225 tanto
1226 1196 1345 1225 autem
1368 1194 1452 1225 oriri
1475 1196 1607 1236 quanto
1630 1193 1690 1225 ille

144 1246 286 1279 occidit.
335 1257 404 1277 non
421 1246 524 1288 plane
541 1245 670 1277 similia
686 1250 769 1277 sunt
786 1245 876 1277 Stat.
897 1245 1007 1276 Theb.
1026 1254 1055 1276 11
1072 1246 1137 1277 550
1152 1256 1202 1287 sq.
1223 1245 1316 1277 uidet
1334 1270 1341 1277 .
1363 1270 1370 1278 .
1391 1270 1398 1277 .
1419 1245 1495 1277 illos
1510 1255 1526 1277 e
1542 1244 1690 1277 uallibus

145 1299 224 1331 imis
244 1298 247 1340 Ι
269 1308 411 1330 crescere
439 1297 482 1329 de
505 1297 643 1329 insidiis
671 1297 918 1335 coorientibus,
943 1296 1021 1329 Sen.
1048 1308 1121 1339 n.q.
1151 1306 1179 1328 11
1204 1298 1223 1329 9
1246 1297 1267 1328 2
1290 1297 1424 1337 sparsio
1448 1297 1508 1329 illa
1535 1306 1622 1338 quae
1649 1307 1690 1329 ex

136 1349 379 1391 fundamentis
392 1349 525 1380 mediae
541 1349 689 1380 harenae
706 1359 852 1380 crescens
868 1348 903 1380 in
918 1359 1087 1380 summam
1100 1359 1204 1390 usque
1217 1348 1462 1390 amphitheatri
1473 1348 1691 1380 altitudinem

146 1401 300 1442 peruenit
315 1414 322 1433 z
347 1401 457 1442 magis
474 1400 518 1431 ad
535 1411 608 1431 rem
625 1400 711 1431 facit
728 1410 863 1440 surssere
880 1400 1035 1431 uicissim
1051 1411 1114 1441 pro
1130 1411 1272 1432 crescere
1293 1403 1503 1442 usurpatum
1517 1400 1593 1438 240,
1611 1400 1687 1438 263,

146 1454 222 1492 443,
242 1453 325 1484 item
346 1453 409 1487 479
432 1452 607 1491 tolluntur,
626 1453 690 1484 459
707 1452 840 1483 attollat
864 1462 927 1493 pro
951 1457 1073 1492 augyeat
1163 1452 1256 1483 inter
1276 1451 1339 1482 290
1355 1456 1392 1484 et
1407 1451 1468 1483 291
1486 1462 1627 1483 uersum
1650 1460 1690 1482 1v

148 1506 208 1537 106
225 1505 368 1545 denique
391 1503 420 1535 si
443 1514 510 1535 non
531 1508 576 1535 est
590 1503 667 1544 sati
690 1513 751 1535 cur
774 1503 927 1534 traditur
950 1503 1032 1535 ordo
1056 1503 1148 1534 linea
1172 1503 1264 1535 infra
1288 1503 1396 1535 ducta
1412 1502 1557 1535 exhibet
1574 1506 1609 1542 L,
1627 1502 1689 1534 sed

146 1556 295 1588 eundem
333 1556 441 1587 etiam
479 1566 542 1586 suo
579 1555 655 1586 loco
743 1554 805 1585 291
844 1554 978 1594 recedit,
1020 1554 1315 1596 quemadmodum
1353 1555 1415 1589 387
1454 1555 1584 1592 cedant,
1625 1564 1690 1596 pro

144 1607 335 1640 occidendo
358 1608 513 1649 positum
542 1617 615 1638 esse
644 1606 718 1638 dixi
745 1606 790 1637 ad
817 1606 891 1638 290.
940 1606 1009 1638 iam
1038 1617 1116 1637 cum
1144 1606 1377 1638 Manilianum
1403 1617 1472 1638 non
1503 1606 1551 1638 sit
1576 1616 1689 1647 neque

147 1660 315 1692 Latinum
343 1658 508 1690 uideatur
533 1657 667 1698 siqnum
694 1662 740 1689 tot
767 1658 884 1689 stadia
911 1663 939 1689 et
965 1658 1067 1690 horas
1094 1657 1226 1697 occidit,
1253 1658 1321 1689 erit
1349 1658 1497 1690 fortasse
1521 1658 1583 1700 qui
1609 1668 1689 1689 cum

147 1712 243 1753 Fayo
267 1721 332 1752 per
354 1709 648 1752 praepositionem
672 1720 714 1741 ex
739 1710 917 1751 superiore
944 1720 1049 1740 uersu
1077 1709 1205 1741 audeat
1230 1709 1444 1751 intellegere.
1493 1720 1617 1741 uerum
1648 1711 1690 1741 ut

148 1766 381 1805 peruagatum
397 1761 563 1803 loquendi
579 1771 688 1803 genus
705 1766 758 1792 est
774 1771 842 1802 quo
865 1771 946 1792 usus
968 1760 1089 1792 Liuius
1109 1770 1202 1792 xxrx
1218 1762 1260 1793 25
1276 1763 1295 1793 8
1313 1760 1492 1802 quaesiuit,
1511 1760 1541 1792 si
1561 1770 1690 1802 aquam

149 1814 339 1847 hominibus
355 1813 576 1853 iumentisque
597 1812 639 1844 in
663 1812 828 1844 totidem
850 1812 947 1850 dies,
972 1817 1064 1853 quot
1084 1813 1312 1852 frumentum,
1331 1812 1566 1853 imposuissent
1583 1813 1688 1853 serip-

148 1867 208 1905 sit,
227 1866 354 1897 omissa
372 1868 454 1896 ante
473 1865 662 1896 relatiuum
686 1875 775 1906 quae
798 1867 881 1895 ante
904 1863 1222 1896 demonstratiuum
1246 1864 1410 1896 adfuerat
1431 1863 1691 1906 praepositione

151 1920 375 1959 (quamquam
403 1916 440 1948 id
466 1916 580 1958 ipsum
608 1926 676 1947 non
705 1915 778 1947 fere
801 1915 842 1947 fit
865 1915 933 1947 nisi
956 1915 1049 1947 idem
1072 1915 1219 1947 uerbum
1242 1916 1496 1957 intellegatur),
1523 1916 1574 1947 ita
1600 1914 1690 1946 illud

150 1968 349 2001 inauditum
375 1972 440 2007 est,
466 1971 507 1999 ut
531 1968 708 1999 contraria
731 1968 867 1999 ratione
890 1967 1040 1999 relatiuo
1063 1967 1277 2009 praepositio
1301 1967 1405 2006 adsit,
1432 1967 1525 1999 desit
1549 1967 1688 1998 demon—

149 2021 303 2052 stratiuo
316 2031 324 2057 ;
349 2029 437 2061 quae
453 2022 571 2050 autem
587 2029 657 2050 non
673 2018 813 2050 omnino
830 2018 1014 2050 dissimilia
1030 2019 1144 2050 uideri
1159 2022 1306 2060 possunt
1323 2017 1424 2050 Ouid.
1445 2018 1516 2050 her.
1537 2027 1610 2050 vlu
1628 2018 1691 2050 110

138 2072 245 2113 suffio
267 2071 352 2103 sicut
374 2070 417 2102 ab
441 2070 529 2102 hoste
551 2070 637 2107 uiro,
656 2069 732 2102 Liu.
753 2079 873 2101 XXXIX
896 2070 938 2102 28
963 2071 999 2101 ll
1025 2070 1191 2102 Eumenes
1214 2075 1391 2111 tamquam
1414 2070 1462 2102 ad
1482 2069 1690 2102 Antiochum

149 2123 369 2165 spoliandum
384 2132 434 2154 me
446 2121 548 2159 uenit,
565 2122 626 2153 Ar.
643 2121 724 2163 Lys.
741 2122 805 2153 993
822 2121 896 2153 ἀλλ’
914 2123 960 2153 ὼσ
977 2123 1060 2162 πρὸσ
1076 2123 1182 2153 εἰδότα
1197 2134 1236 2160 με
1253 2123 1293 2153 σὺ
1308 2123 1434 2160 τάληθῆ
1449 2123 1527 2162 λέγε
1542 2125 1579 2153 et
1594 2121 1689 2163 apud

152 2175 301 2207 Graecos
324 2174 438 2216 plura,
466 2184 506 2205 ea
531 2173 583 2205 ita
606 2176 808 2215 comparata
833 2176 917 2205 sunt
941 2176 982 2204 ut
1007 2173 1165 2205 defectus
1189 2174 1249 2205 uix
1274 2173 1458 2205 sentiatur.
1507 2173 1627 2215 itaque
1650 2184 1691 2205 eo

151 2226 306 2259 adducor
328 2228 370 2257 ut
394 2230 450 2264 tot,
470 2225 562 2256 sicut
577 2225 641 2259 276
658 2230 746 2265 quot,
766 2235 830 2266 pro
854 2225 1011 2256 ablatiuo
1034 2225 1214 2266 accipiam,
1239 2229 1284 2256 tot
1306 2224 1429 2256 stadiis
1451 2229 1552 2266 atque
1575 2224 1690 2264 horis3

151 2277 244 2320 quod
270 2287 482 2319 quamquam
507 2276 635 2308 durum
660 2280 823 2315 est,.cu1n
850 2276 967 2308 nullus
998 2277 1229 2318 praecesserit
1258 2276 1448 2315 ablatiuus,
1478 2279 1596 2308 tamen
1626 2286 1690 2307 nec

149 2330 264 2361 minus
287 2329 376 2360 dura
401 2339 463 2360 nec
484 2338 610 2370 genere
632 2327 771 2359 diuersa
794 2331 878 2359 sunt
902 2338 992 2369 quae
1014 2328 1050 2359 in
1074 2327 1363 2359 adnotationibus
1380 2327 1425 2359 ad
1442 2337 1472 2359 11
1487 2328 1552 2360 269
1572 2330 1608 2360 et
1624 2328 1689 2360 552

151 2380 328 2422 composui
426 2379 491 2410 292
514 2382 661 2411 cadendi
683 2382 717 2410 Μ
741 2379 815 2411 cod.
836 2379 1005 2417 Venetus,
1030 2381 1177 2411 canendi
1198 2382 1256 2418 GL,
1276 2381 1411 2411 oriendi
1432 2379 1470 2410 1.2
1492 2382 1528 2411 et
1554 2389 1646 2411 man.
1673 2380 1688 2410 1

152 2442 323 2474 suprascr.
351 2434 376 2463 G
463 2430 526 2461 293
557 2434 720 2468 perstant
749 2430 1057 2472 Regiomontanus,
1086 2434 1225 2469 perstat
1250 2433 1319 2469 LM,
1349 2434 1512 2469 praestat
1541 2433 1567 2462 G
1654 2430 1691 2462 in

148 2489 284 2516 tantum
300 2483 455 2524 spatium
476 2486 694 2524 tempusque,
714 2482 796 2513 uide
818 2482 883 2514 243
970 2481 1035 2512 294
1057 2485 1237 2520 excipiunt
1260 2485 1397 2514 uicibus
1412 2483 1434 2505 ὕ
1457 2484 1690 2521 (=exeip1um

150 2539 188 2567 iu
214 2537 340 2573 eiuus),
364 2536 439 2566 eius
464 2533 550 2572 (GL2,
575 2535 630 2565 ius
651 2533 774 2565 relicto
791 2533 940 2564 initialis
962 2534 1076 2575 spatio
1097 2536 1168 2573 ΒΜ)
1189 2536 1228 2565 in
1252 2535 1326 2572 (GL,
1349 2536 1406 2565 nie
1425 2535 1472 2573 M)
1492 2536 1691 2572 exemplum

151 2586 245 2625 libri,
264 2596 332 2627 quo
358 2588 499 2617 seruato
526 2585 749 2616 Prucknerus
774 2584 882 2616 uersis
906 2585 940 2616 in
967 2589 1105 2616 uertunt
1128 2586 1295 2624 mutauit,
1320 2585 1357 2616 id
1384 2590 1438 2617 est
1463 2587 1625 2617 crescunt
1649 2595 1689 2617 ac

151 2638 369 2670 decrescunt.
418 2636 517 2678 atqui
541 2647 610 2668 non
634 2636 766 2668 Arietis
783 2636 881 2675 (ei-us)
895 2636 1064 2677 exemplo,
1091 2647 1131 2668 ac
1154 2647 1197 2667 ne
1220 2636 1406 2669 Chelarum
1429 2636 1583 2678 quidem,
1601 2646 1690 2678 quae

153 2700 216 2721 nec
233 2691 394 2720 crescunt
410 2698 472 2719 nec
490 2687 706 2724 decrescunt,
724 2687 788 2719 hoc
805 2687 940 2719 faciunt
955 2688 1054 2729 signa
1071 2688 1263 2729 sequentia,
1282 2687 1343 2719 sed
1359 2687 1514 2720 Taurum
1526 2687 1691 2720 Geminos

153 2741 326 2773 Cancrum
358 2739 508 2770 Leonem
539 2739 721 2779 Virginem
749 2739 900 2778 imitata,
930 2749 1042 2780 neque
1069 2739 1106 2770 id
1134 2739 1353 2781 simpliciter,
1383 2738 1443 2771 sed
1473 2741 1515 2771 ut
1545 2739 1596 2770 ait
1626 2739 1690 2771 265

155 2791 323 2825 conuersis
346 2790 484 2828 uicibus,
508 2791 571 2822 289
592 2790 711 2822 ordine
733 2795 863 2822 mutato
880 2800 945 2831 per
966 2795 1119 2830 tempora
1135 2801 1246 2829 uersa,
1265 2791 1329 2823 435
1345 2801 1507 2822 conuersa
1529 2790 1609 2831 le9e,
1627 2791 1690 2823 468

154 2844 295 2876 diuersa
309 2842 377 2883 Zeye
391 2853 399 2880 ;
423 2841 513 2873 adde
530 2842 593 2874 649
609 2841 835 2882 conuertitque
851 2841 951 2880 uices,
970 2842 1033 2875 478
1049 2852 1098 2883 sq.
1119 2841 1183 2874 hac
1199 2842 1271 2874 uice
1283 2842 1486 2874 descendunt
1497 2846 1605 2874 noctes
1622 2866 1629 2874 .
1651 2866 1657 2873 .
1679 2866 1687 2873 .

155 2897 384 2938 tolluntur-qne
407 2895 486 2934 dies,
507 2895 655 2936 annique
678 2895 863 2927 inuertitur
886 2895 984 2928 orbis.
1035 2895 1198 2937 Scorpius
1221 2895 1436 2937 Sagittarius
1459 2895 1692 2938 Capricornus
