1877 3146
559 164 1044 209 ASTRONOMICON
1087 165 1162 207 III
1608 166 1632 204 7

270 279 492 336 disposuit,
514 284 737 334 certasque
756 278 882 329 uices,
904 292 981 320 sua
1002 292 1176 319 munera
1195 277 1347 332 cuique

270 353 483 404 attribuit,
504 358 733 408 totumque
753 352 935 394 hominis
955 366 1029 408 per
1047 352 1185 394 sidera
1205 365 1377 393 censum

271 428 417 470 ordine
435 427 515 469 sub
535 432 651 469 certo
670 427 808 477 duxit,
830 441 928 482 pars
948 441 1112 482 semper
1131 431 1180 468 ut
1202 426 1338 468 eidem

271 502 446 544 confinis
465 501 577 557 parti
597 501 746 542 uicinis
765 506 900 543 staret
919 501 963 542 in
983 501 1120 543 astris.

170 585 215 616 75
270 577 421 619 horum
441 591 616 632 operum
634 582 769 618 sortes
789 576 844 618 ad
863 576 1030 631 singula
1049 575 1170 631 signa
1189 575 1360 625 locauit,

270 666 355 693 non
374 657 424 693 ut
443 651 487 693 in
507 656 680 693 aeterna
699 651 803 692 caeli
823 650 1010 692 statione
1030 655 1252 692 manerent

272 731 315 768 et
334 731 509 767 cunctos
529 725 750 767 hominum
769 725 928 780 pariter
947 725 1220 766 traherentur
1238 723 1280 765 in
1302 728 1420 765 ortus

272 814 324 842 ex
343 800 479 842 isdem
497 800 680 855 repetita
700 799 814 849 locis,
836 800 910 841 sed
929 804 1122 854 tempore
1140 799 1259 840 sedes

270 879 522 916 nascentum
541 874 780 929 acciperent
800 873 991 928 proprias
1011 873 1226 928 signisque
1245 872 1476 928 migrarent

170 956 214 988 80
270 954 401 1004 atque
420 948 523 990 alias
544 948 621 990 alii
639 963 727 990 sors
748 962 942 1003 quaeque
962 948 1180 989 accederet
1200 953 1328 998 astro,

271 1029 321 1065 ut
341 1028 511 1078 caperet
531 1023 725 1078 genitura
745 1037 903 1064 nouam
923 1036 997 1077 per
1015 1022 1152 1063 sidera
1174 1021 1356 1063 formam

271 1111 348 1139 nec
366 1102 515 1139 tamen
534 1097 696 1138 incerto
716 1096 994 1138 confunderet
1015 1096 1156 1137 omnia
1177 1101 1310 1138 motu.

271 1171 358 1222 sed,
381 1186 478 1213 cum
497 1186 595 1227 pars
615 1185 792 1227 operum
813 1185 922 1226 quae
942 1171 1078 1226 prima
1099 1171 1271 1212 condita
1290 1175 1403 1212 sorte
1423 1175 1488 1212 est

273 1246 437 1301 accepit
456 1246 672 1301 propriam
691 1245 903 1288 nascentis
923 1251 1116 1300 tempore
1134 1245 1290 1295 sedem,

172 1328 217 1360 85
272 1325 412 1362 cetera
431 1320 666 1362 succedunt
685 1320 900 1375 signisque
918 1319 1193 1375 sequentibus
1214 1320 1401 1361 haerent.

91 1466 168 1487 esse
255 1455 298 1487 70
327 1458 465 1488 locarat
495 1455 595 1487 codd.
628 1455 706 1487 Par.
738 1458 774 1487 et
804 1455 922 1495 Bodl.,
952 1458 1101 1487 uocarat
1130 1458 1175 1494 Μ,
1204 1458 1378 1487 uocarant
1408 1457 1467 1493 GL,
1496 1459 1635 1486 notarat

93 1506 249 1550 Scaliger
339 1509 348 1523 ⁴
359 1511 447 1549 quot
462 1507 562 1548 signa
578 1506 720 1545 zodiaci,
736 1510 791 1538 tot
808 1507 906 1538 athla
922 1511 1014 1538 sunt.
1065 1506 1248 1538 duodecim
1266 1506 1357 1537 enim
1375 1516 1518 1537 numero
1535 1497 1637 1537 sunt'

95 1558 263 1601 Scaliger.
313 1563 342 1590 et
358 1561 439 1600 post
458 1563 537 1599 quot
560 1569 630 1590 non
655 1558 871 1600 ineleganter
895 1558 1063 1596 abundat,
1082 1562 1123 1589 ut
1139 1557 1240 1590 Ouid.
1262 1558 1334 1589 her.
1354 1566 1410 1588 ΧΠ
1429 1557 1467 1591 17
1485 1556 1634 1596 totidem,

95 1615 175 1652 quot
201 1610 342 1649 semina,
370 1615 399 1642 ec
423 1610 539 1649 hostes,
559 1609 653 1642 Tert.
676 1620 785 1651 scorp.
809 1611 824 1641 1
850 1615 896 1642 cot
919 1620 1049 1641 uenena
1072 1614 1151 1651 quot
1161 1608 1378 1652 <et>51enera,
1404 1613 1450 1640 tot
1468 1608 1638 1649 pernicies

94 1667 174 1704 quot
191 1667 221 1694 et
236 1661 372 1703 species,
391 1666 438 1693 bot
457 1661 588 1693 dolores
610 1666 688 1703 quot
710 1666 739 1693 et
760 1661 883 1693 colores
971 1661 1011 1692 71
1036 1663 1212 1699 disposuit
1234 1660 1427 1699 Bentleius,
1445 1669 1502 1692 res
1517 1662 1638 1698 posuit

94 1713 187 1746 libri.
237 1724 305 1745 non
333 1713 444 1745 solum
469 1723 522 1745 res
547 1715 593 1752 (u.
621 1714 676 1752 67)
701 1713 762 1745 sed
786 1713 922 1744 labores
943 1724 1048 1754 opera
1074 1716 1168 1744 artes
1190 1723 1288 1744 casus
1310 1712 1439 1754 posuit,
1465 1722 1577 1753 neque
1601 1711 1637 1743 in

90 1769 211 1807 partes
226 1765 346 1807 posuit
362 1764 423 1796 sed
439 1765 475 1796 in
491 1764 654 1806 partibus
741 1773 889 1796 munera
900 1765 933 1802 ἣ,
948 1766 1071 1796 munia
1087 1765 1156 1795 iam
1173 1764 1365 1802 Bentleius,
1383 1766 1526 1795 nomina
1542 1762 1633 1795 libri.

95 1816 237 1849 nomina
258 1827 321 1848 sua
343 1816 468 1858 cuique
489 1817 583 1858 parti
605 1827 674 1847 non
696 1820 824 1847 natura
841 1815 1010 1847 attribuit
1031 1815 1092 1847 sed
1111 1815 1309 1857 astrologia,
1329 1816 1422 1847 sieut
1437 1824 1451 1846 1
1469 1815 1530 1847 109
1547 1815 1638 1846 ratio

94 1867 276 1900 attribuit.
298 1892 306 1900 .
329 1891 337 1899 .
355 1878 419 1900 sua
439 1868 580 1899 nomina
604 1867 719 1908 siquis.
769 1867 890 1899 munia
912 1867 1005 1909 apud
1031 1867 1218 1898 Manilium
1241 1878 1310 1898 non
1333 1866 1486 1899 habetur
1512 1866 1572 1898 sed
1600 1877 1634 1898 u.

99 1920 160 1955 137
183 1919 304 1952 eodem
333 1930 435 1951 sensu
459 1930 625 1957 munera;
658 1919 722 1950 hoe
739 1923 857 1951 autem
881 1922 917 1950 et
940 1918 1081 1950 uomina
1107 1919 1213 1960 uulgo
1236 1918 1512 1957 confunduntur,
1538 1918 1639 1950 uelut

95 1982 136 2005 ιν
159 1973 224 2008 207
247 1972 388 2005 nomina
411 1975 507 2012 GLM,
530 1983 675 2004 munera
698 1972 798 2004 codd.
819 1983 922 2010 recc.,
941 1972 1046 2015 Verg.
1067 1972 1151 2003 Aen.
1171 1981 1242 2003 V111
1266 1972 1329 2004 519
1353 1982 1488 2004 munere
1514 1971 1634 2012 PR7b‚

94 2025 229 2057 nomine
242 2024 301 2056 Mc
314 2024 469 2063 Seruius,
485 2035 601 2066 georg.
616 2033 656 2056 1v
669 2025 733 2056 520
744 2034 880 2055 numere
893 2023 985 2062 libri,
1000 2024 1133 2055 nomine
1146 2023 1378 2055 Marklandus
1390 2023 1435 2055 ad
1449 2022 1539 2056 Stat.
1555 2024 1633 2056 silu.

97 2085 143 2108 111
159 2078 179 2109 3
196 2077 249 2116 87,
269 2076 372 2108 Ouid.
389 2076 481 2108 trist.
498 2085 527 2107 11
542 2076 607 2108 295
625 2086 769 2107 munera
785 2075 865 2107 libri
882 2075 1052 2117 plerique,
1070 2076 1209 2107 ‘nomina
1226 2075 1392 2117 optimus,
1407 2079 1489 2107 met.
1507 2084 1557 2107 xv
1573 2076 1636 2107 819

95 2127 243 2160 nominis
265 2128 434 2170 plerique,
456 2128 607 2159 muneris
630 2127 711 2167 duo,
733 2127 840 2159 Mart.
862 2136 885 2158 x
908 2128 949 2159 26
969 2128 987 2161 7
1007 2137 1126 2159 ‘nomen
1143 2129 1197 2168 αβ,
1216 2138 1339 2159 munus
1358 2139 1390 2167 γ,
1412 2127 1453 2161 73
1469 2127 1489 2159 9
1504 2129 1636 2159 nomine

93 2192 130 2220 7,
157 2189 293 2211 munere
315 2182 348 2220 β.
398 2179 519 2211 eadem
543 2180 695 2211 mutatio
722 2179 882 2210 facienda
909 2179 978 2210 erit
1002 2188 1042 2210 Ν
1064 2179 1126 2213 307
1230 2178 1271 2210 72
1294 2183 1400 2210 totum
1417 2203 1424 2210 .
1447 2201 1455 2209 .
1475 2203 1481 2210 .
1502 2189 1636 2211 censum

96 2234 137 2263 ut
164 2240 194 2263 11
224 2232 284 2265 167
310 2241 360 2273 sq.
388 2235 454 2262 toto
481 2231 668 2272 yaudentia
695 2241 794 2262 censu
813 2231 817 2271 1
839 2231 938 2271 sigma
1025 2230 1066 2261 73
1093 2230 1212 2262 ordine
1238 2230 1296 2262 sub
1323 2235 1410 2262 certo
1435 2239 1464 2261 11
1488 2230 1562 2269 690,
1589 2239 1635 2262 111

99 2282 161 2317 157
249 2283 362 2314 eidem
393 2285 463 2321 GM,
490 2285 584 2313 idem
610 2285 642 2321 L,
672 2282 754 2314 uide
785 2281 830 2313 ad
861 2282 923 2316 487
1014 2281 1056 2312 74
1082 2284 1191 2313 astris
1218 2284 1263 2320 M,
1289 2284 1387 2313 aruis
1414 2284 1463 2313 GL
1490 2281 1636 2313 ioculari

94 2344 206 2376 paene
233 2334 476 2372 translatione,
504 2344 609 2375 quam
637 2337 754 2365 tamen
783 2333 958 2375 Scaligero
985 2333 1073 2364 duce
1104 2344 1221 2364 omnes
1251 2333 1446 2375 probarunt
1534 2332 1576 2364 76
1599 2333 1635 2365 in

93 2391 234 2417 aeterna
261 2385 348 2417 caeli
373 2385 516 2417 stacione
543 2391 729 2424 manerent,
755 2385 872 2417 Germ.
899 2385 985 2426 frag.
1011 2394 1051 2416 1V
1074 2385 1118 2417 60
1138 2384 1257 2416 ‘nubila
1283 2384 1444 2416 continua
1465 2385 1576 2425 mayis
1598 2385 1634 2417 in

92 2438 236 2469 statione
259 2436 449 2468 manebunt.
498 2436 584 2468 haec
608 2436 832 2468 Lachmanno
855 2437 900 2468 ad
924 2436 1025 2468 Lucr.
1053 2445 1093 2467 V1
1119 2436 1181 2469 192
1202 2447 1270 2467 non
1294 2436 1380 2467 satis
1400 2437 1540 2478 proprie
1564 2436 1635 2468 dici

94 2488 319 2527 uidebantur,
340 2499 418 2520 cum
435 2488 505 2520 illis
521 2488 558 2520 in
573 2489 715 2520 statione
738 2499 876 2520 manere
899 2488 988 2519 nihil
1007 2488 1090 2519 addi
1106 2490 1223 2529 posset
1240 2488 1307 2519 nisi
1323 2487 1414 2519 forte
1430 2498 1494 2519 sua
1507 2499 1516 2526 ;
1540 2489 1634 2530 quod

94 2551 164 2572 non
180 2541 232 2572 ita
248 2539 489 2581 accipiendum
506 2542 560 2571 est
577 2544 755 2581 tamquam
773 2540 944 2581 ignorarit
959 2539 1121 2571 additum
1139 2541 1205 2578 (ea)
1222 2550 1291 2580 qua
1307 2538 1410 2571 Ouid.
1430 2539 1509 2571 fast.
1527 2549 1557 2571 11
1570 2541 1634 2574 674

182 2591 222 2623 78
247 2594 378 2624 eisdem
401 2594 446 2630 Μ,
472 2593 608 2636 hisdem
632 2595 681 2623 GL
768 2591 810 2622 79
832 2592 937 2633 siquis
963 2591 1151 2632 miyrarem
1177 2591 1375 2632 insequenti
1397 2601 1501 2623 uersu
1523 2592 1633 2633 expli·

93 2646 196 2675 catur
283 2642 325 2673 80
340 2645 432 2675 alias
448 2642 614 2685 Scaliger,
633 2645 726 2674 alius
742 2642 824 2675 libri
911 2645 975 2675 alii
998 2643 1139 2675 addidit
1162 2642 1342 2674 Bentleius
1429 2646 1510 2685 post
1533 2653 1631 2684 quae-

93 2705 158 2737 que
174 2695 325 2736 spatium
351 2694 504 2736 quinque
528 2694 600 2726 fere
616 2695 817 2726 litterarum
841 2695 1005 2726 relictum
1021 2698 1075 2726 est
1089 2695 1125 2726 in
1142 2697 1178 2733 G,
1197 2694 1296 2725 cuius
1311 2694 1476 2726 librarius
1499 2695 1632 2737 aliquid

96 2746 216 2778 deesse
234 2750 391 2778 senserat
480 2745 519 2776 81
544 2748 585 2778 ut
599 2757 728 2778 nouum
754 2748 868 2786 σχῆμα
889 2748 1052 2787 ’γενέσεωσ
1067 2747 1103 2778 in
1120 2746 1260 2778 zodiaco
1283 2745 1383 2778 fieret
1469 2746 1512 2777 82
1534 2750 1633 2779 motu

93 2799 168 2839 GL2,
194 2803 336 2833 modum
362 2803 407 2840 Μ,
433 2803 563 2833 mundo
588 2803 612 2832 1.
638 2800 712 2833 cod.
741 2800 900 2833 Venetus
988 2799 1030 2831 88
1053 2803 1148 2832 sorte
1172 2800 1365 2839 Bentleius,
1389 2803 1468 2832 arte
1494 2804 1538 2840 M,
1564 2811 1632 2838 que

92 2858 173 2886 arte
202 2854 315 2886 Leod.
336 2854 507 2894 Venetus,
535 2857 638 2893 parte
668 2853 732 2886 GL²
758 2855 915 2886 oratione
942 2855 1123 2886 incondita
1149 2857 1256 2896 atque
1282 2854 1497 2887 abhorrenti.
1554 2866 1631 2888 con-

93 2906 181 2938 tulit
211 2905 393 2938 Bentleius
423 2906 465 2939 96
496 2916 568 2938 sors
596 2906 725 2947 prima,
756 2907 816 2939 138
845 2906 1035 2948 praecipua
1062 2906 1242 2939 undecima
1266 2917 1367 2947 pars
1391 2911 1437 2938 ese
1463 2906 1500 2939 in
1527 2912 1632 2940 sorte
