1877 3146
581 114 1066 158 ASTRONOMICON
1108 115 1184 157 III
1600 116 1655 156 33

294 232 564 281 consurgunt,
587 227 733 282 longos
753 227 856 268 caeli
876 226 1074 268 uisuntur
1092 226 1136 267 in
1157 225 1268 267 orbis
1286 239 1295 275 ;

292 299 442 342 ultima
462 315 570 356 quae
589 301 764 356 fulgent,
788 301 928 343 celeris
948 305 1194 356 merguntur
1213 299 1256 340 in
1275 297 1458 340 umbras.

296 379 352 424 et,
374 380 536 429 quanto
555 374 610 416 ad
630 375 787 430 gelidas
807 374 979 430 propius
1000 374 1092 430 quis
1112 373 1275 415 uenerit
1294 373 1457 422 Arctos,

173 454 241 485 345
295 453 388 489 tam
407 448 540 504 magis
560 449 768 504 effugiunt
788 449 928 491 oculos
948 448 1156 490 brumalia
1175 448 1306 503 signa,

296 522 454 577 uixque
474 523 576 565 ortis
596 538 768 565 occasus
788 523 877 565 erit.
936 523 970 564 si
990 522 1152 578 longius
1172 521 1270 563 inde

297 597 510 651 procedat,
532 597 635 640 totis
655 597 890 639 condentur
908 597 1072 652 singula
1092 596 1290 638 membris

296 670 562 726 tricenasque
581 672 754 713 trahent
773 686 933 713 conexo
950 677 1141 726 tempore
1161 676 1305 712 noctes

298 750 342 787 et
360 745 541 786 totidem
560 746 672 787 luces
691 746 892 788 adiment.
951 746 1009 787 sic
1029 760 1162 800 parua
1181 745 1345 786 dierum

116 940 393 983 intellegendum
416 945 469 974 est
492 946 533 974 ut
557 943 699 984 quantis
717 942 840 985 spatiis
859 942 997 984 singula
1015 942 1130 974 sidera
1153 953 1173 973 a
1196 941 1296 974 nobis
1317 941 1462 980 distent,
1482 942 1656 974 diuersam

119 993 155 1024 in
179 996 308 1025 sortem
332 995 388 1031 (ut
411 994 463 1025 ait
486 1005 518 1025 u.
539 995 617 1034 416)
642 997 760 1026 tantas
784 995 929 1026 trahant
953 1005 1088 1032 moras;
1111 1005 1192 1025 nam
1214 1004 1283 1035 quo
1303 995 1414 1025 maior
1432 994 1603 1026 distantia
1619 1005 1659 1026 eo

119 1045 232 1076 minor
262 1055 359 1076 mora
390 1048 454 1084 est,
490 1046 584 1088 quod
616 1047 738 1078 statim
770 1046 997 1078 confirmatur
1115 1045 1177 1076 342
1207 1045 1321 1085 Zouqos
1351 1045 1387 1077 in
1417 1045 1517 1084 orbis,
1551 1045 1660 1077 donec

119 1096 241 1138 longos
257 1096 358 1128 orbes
375 1096 565 1129 conficiunt
666 1097 728 1128 343
753 1107 843 1136 quae
867 1101 903 1137 G,
923 1107 990 1136 que
1013 1101 1050 1129 et
1072 1100 1130 1129 LM
1226 1100 1369 1129 umbras
1392 1100 1436 1136 Μ,
1455 1099 1590 1128 umbris
1614 1100 1663 1129 GL

227 1148 291 1179 344
326 1153 460 1187 quanto
492 1153 517 1181 G
548 1153 583 1181 et
618 1150 654 1181 in
689 1153 713 1181 L
747 1160 872 1181 manus
908 1150 1158 1187 recentissima,
1193 1152 1332 1187 quando
1366 1151 1424 1180 ΕΜ
1534 1154 1661 1190 quanto

113 1199 274 1241 propius,
301 1206 373 1232 tam
399 1201 519 1241 ῃιαφῖς,
547 1201 648 1233 Lucr.
673 1210 712 1232 lv
740 1202 848 1234 250-:3
871 1206 998 1242 quanto
1017 1201 1099 1242 plus
1121 1200 1212 1232 aeris
1235 1206 1312 1232 ante
1335 1201 1490 1241 ayz'tacm·
1506 1226 1513 1232 .
1535 1226 1541 1233 .
1563 1227 1570 1233 .
1591 1206 1663 1233 tam

116 1252 239 1292 procul
265 1262 331 1284 esse
358 1253 469 1293 marsi-s·
496 1264 548 1284 res
573 1263 723 1294 quaeque
749 1259 877 1285 remota
896 1254 1040 1291 uidetur,
1064 1252 1149 1284 ibid.
1172 1254 1210 1284 81
1237 1263 1302 1294 sq.‚
1322 1261 1347 1283 V
1369 1254 1434 1284 452
1456 1263 1520 1294 sq„
1540 1253 1660 1292 483-7,

119 1302 225 1345 Verg.
242 1314 357 1346 georg.
379 1313 419 1335 1v
432 1306 496 1336 411
516 1315 566 1346 sq.
588 1310 738 1346 q‘uamo.
762 1330 768 1336 .
791 1330 797 1336 .
819 1304 929 1345 maffl's
948 1330 953 1336 .
976 1330 982 1336 .
1007 1329 1013 1336 .
1035 1310 1105 1335 tam
1124 1328 1130 1335 .
1153 1329 1159 1335 .
1181 1329 1188 1336 .
1209 1304 1320 1343 mayis
1408 1304 1469 1335 345
1486 1307 1662 1342 effugiunt

117 1354 311 1394 Bentleius‚
338 1358 492 1388 efficiunt
522 1359 618 1395 ΘΒΜ,
645 1359 801 1388 officiunt
828 1356 874 1388 L2.
925 1356 1028 1398 Prop.
1057 1365 1085 1387 11
1117 1357 1136 1387 8
1167 1356 1209 1388 ‘25
1240 1355 1374 1396 effuyz'es
1405 1356 1449 1395 N,
1476 1356 1592 1397 efficies
1619 1356 1662 1396 O,

118 1406 221 1438 Lucr.
242 1415 256 1438 Ι
281 1407 345 1439 852
367 1407 485 1448 efficiat
507 1407 588 1439 libri
605 1418 668 1449 pro
684 1407 834 1448 effuyiczt‚
853 1407 923 1439 Cic.
945 1407 988 1439 de
1012 1406 1070 1438 fin.
1092 1416 1131 1438 IV
1153 1406 1197 1437 22
1212 1407 1380 1447 facienda
1396 1417 1459 1448 pro
1475 1407 1659 1448 suqienda,

119 1457 198 1491 Sen.
219 1459 284 1500 Ag.
306 1460 344 1490 81
370 1459 515 1499 fuyiunt
543 1460 586 1497 A,
612 1459 753 1499 jaciunt
782 1459 811 1490 E
901 1462 1019 1490 oculos
1045 1461 1089 1496 M,
1114 1460 1224 1490 oculis
1248 1462 1297 1489 GL
1385 1459 1448 1493 378
1471 1469 1521 1500 sq.
1549 1459 1663 1500 efflcyit

118 1520 197 1550 erqo
221 1511 354 1542 oculos.
376 1535 383 1542 .
406 1535 413 1542 .
435 1510 599 1542 Phoebus.
660 1511 807 1551 officiunt
830 1510 934 1542 oculis
957 1510 1001 1542 de
1024 1511 1074 1541 eis
1097 1510 1233 1541 dictum
1257 1520 1346 1551 quae
1373 1521 1442 1542 non
1470 1514 1663 1542 cernuntur

117 1561 289 1593 eiusmodi
309 1566 363 1593 est
382 1566 423 1593 ut
442 1573 528 1593 auro
545 1562 659 1594 carius
675 1563 722 1594 sit
739 1562 876 1594 Iacobis
896 1562 1030 1593 Ellisiis
1046 1561 1238 1593 Bechertis.
1288 1567 1442 1593 ceterum
1460 1561 1502 1593 de
1518 1562 1660 1602 uenerit,

118 1612 278 1653 efficqiunt
295 1613 376 1645 uide
392 1624 482 1655 quae
503 1613 547 1645 ad
572 1623 585 1645 1
609 1614 682 1649 469,
703 1613 746 1645 de
770 1613 942 1654 effic-(siunt,
964 1613 1027 1645 erit
1051 1624 1140 1655 quae
1164 1612 1208 1644 ad
1232 1622 1261 1644 11
1285 1613 1348 1645 328
1371 1613 1479 1645 attuli
1503 1614 1663 1656 exempla

206 1664 377 1697 brumalia
405 1665 513 1705 sigma,
540 1665 752 1707 Sagittarius
779 1669 816 1697 et
843 1665 1087 1707 Capricornus,
1113 1665 1149 1696 in
1177 1675 1323 1706 quorum
1351 1664 1500 1696 confinio
1526 1665 1663 1706 positus

118 1716 169 1747 sol
193 1716 353 1748 brumam
379 1716 466 1748 facit
555 1716 618 1747 346
643 1719 732 1749 ortis
758 1717 952 1756 Bentleius,
979 1719 1079 1748 ortus
1106 1715 1197 1748 libri.
1248 1716 1382 1747 Gemin.
1408 1718 1428 1749 6
1455 1716 1495 1748 12
1521 1719 1541 1755 ὴ
1569 1718 1662 1749 δύσισ

117 1769 308 1808 παρακεΐται
326 1768 366 1809 τῇ
383 1767 525 1809 ἀνατολῇ
614 1768 704 1807 inde,
724 1768 767 1799 ab
785 1779 824 1800 οο
841 1768 982 1800 elimate
998 1768 1058 1799 ubi
1076 1767 1308 1809 Capricornus
1329 1768 1389 1799 uix
1403 1771 1502 1800 ortus
1519 1768 1660 1808 occidit,

119 1819 155 1851 id
181 1824 235 1851 est
261 1830 282 1851 a
309 1820 440 1851 circulo
468 1831 571 1861 quem
598 1831 661 1852 nos
687 1831 780 1851 nunc
805 1820 1053 1852 constituimus
1081 1819 1234 1857 arcti003
1266 1819 1359 1850 unde
1383 1820 1444 1861 qui
1471 1819 1515 1851 ad
1542 1821 1661 1862 polum

117 1882 240 1903 uersus
278 1871 457 1913 procedet,
496 1872 528 1903 ei
566 1872 718 1913 primum
758 1871 990 1913 Capricornus
1028 1876 1065 1902 et
1104 1870 1329 1912 Sagittarius,
1364 1871 1490 1903 deinde
1528 1872 1662 1914 reliqua

117 1922 250 1955 zodiaci
273 1923 372 1965 signa.
395 1923 565 1955 australia
588 1923 850 1955 abscondentur
871 1933 982 1964 neque
1007 1933 1173 1964 umquam
1196 1923 1231 1954 111
1256 1925 1480 1964 conspectum
1503 1924 1658 1957 uenient.

117 1975 153 2006 in
178 1974 306 2016 quibus
337 1975 364 2006 si
394 1975 444 2006 sol
472 1975 665 2006 collocatus
696 1976 776 2013 erit,
806 1976 835 2006 is
866 1985 1003 2016 quoque
1033 1985 1100 2006 non
1130 1974 1374 2016 conspicietur.
1424 1974 1492 2006 iam
1520 1975 1556 2006 in
1583 1978 1662 2007 toto

118 2027 182 2057 hoc
205 2026 282 2058 1000
305 2026 348 2058 (10
372 2026 485 2058 11101110
509 2030 649 2068 poetam
678 2027 773 2068 loqui
801 2029 959 2068 apparet,
979 2026 1069 2057 sicut
1094 2025 1137 2057 de
1161 2029 1295 2057 aestate
1318 2025 1504 2057 Geminum
1527 2027 1563 2058 in
1586 2027 1662 2059 loco

117 2078 224 2109 simili
240 2079 260 2110 6
276 2078 384 2117 7-21;
409 2078 523 2110 hieme
545 2082 663 2110 autem
686 2078 738 2109 sol
762 2079 797 2109 in
822 2078 1037 2109 australibus
1061 2077 1168 2119 signis
1191 2077 1382 2116 detinetur,
1402 2088 1549 2119 quorum
1573 2082 1662 2120 quot

118 2129 183 2161 sub
210 2130 391 2161 horizonte
418 2133 534 2168 erunt,
557 2133 614 2161 tot
640 2130 792 2162 tricenos
818 2129 891 2161 dies
921 2129 972 2161 sol
998 2128 1257 2161 desiderabitur
1283 2133 1471 2171 noctesque
1497 2131 1661 2163 noctibus

117 2180 315 2213 succedent.
365 2181 496 2213 eisdem
513 2183 550 2213 in
566 2181 766 2223 regionibus
791 2181 877 2223 quid
899 2184 1035 2212 aestate
1052 2180 1115 2212 fiat
1131 2180 1300 2212 Geminus
1320 2180 1434 2212 tradit
1449 2182 1469 2213 6
1488 2182 1528 2213 13
1544 2192 1592 2223 sq.
1615 2185 1661 2214 ἔτι

116 2233 151 2264 δὲ
169 2234 295 2271 μᾶλλον
312 2234 395 2273 πρὸσ
417 2235 531 2274 ἄρκτον
552 2234 641 2272 ἡμῶν
665 2235 904 2274 παροδευὸντων
926 2236 1050 2272 ’γίνεται
1075 2233 1090 2264 ὁ
1115 2233 1239 2272 θερινὸσ
1261 2233 1415 2273 τροπικὸσ
1440 2235 1558 2264 κύκλοσ
1581 2235 1661 2265 ὅλου·

117 2286 196 2324 ὑπὲρ
218 2285 293 2324 γῆν,
324 2286 406 2316 ὥστε
429 2286 462 2316 ἐν
486 2286 562 2316 ταΐσ
587 2287 728 2325 θεριναῖσ
753 2286 890 2326 τροπαῖσ
916 2286 975 2322 τὴν
1004 2284 1080 2324 παρ’
1105 2286 1237 2315 ἑκείνοισ
1260 2284 1378 2324 ἡμέραν
1401 2286 1548 2323 ’γίνεσθαι
1574 2286 1660 2325 ὡρῶν

117 2338 306 2376 ι’σημερινῶν
337 2335 397 2367 κδ’.
446 2337 519 2367 τοΐσ
551 2336 578 2367 δ’
605 2338 652 2367 ἔτι
679 2338 764 2377 πρὸσ
792 2338 906 2377 ἄρκτον
934 2337 1052 2367 οἰκοῦσι
1079 2337 1203 2375 ’γίνεται
1232 2336 1331 2376 μέροσ
1361 2347 1391 2366 τι
1422 2338 1478 2367 τοῦ
1508 2338 1661 2376 ζῳδιακοῦ

118 2389 234 2419 κύκλου
264 2388 342 2428 ὑπὲρ
372 2389 434 2427 ’γῆν
472 2389 522 2419 διὰ
559 2389 697 2420 παντὸσ·
730 2390 782 2419 καὶ
815 2389 865 2419 οἶσ
900 2390 958 2424 μὲν
994 2388 1106 2426 ζῳδίου
1141 2388 1282 2425 μέγεθοσ
1318 2387 1396 2427 ὑπὲρ
1425 2388 1481 2418 τὸν
1518 2389 1661 2428 ὁρίζοντα.

117 2440 397 2479 ἀπολαμβάνεται,
416 2440 546 2477 μηνιαία
570 2439 589 2477 ἡ
613 2439 713 2480 ἡμέρα
742 2440 816 2480 παρ’
840 2440 951 2470 αὐτοῖσ
974 2441 1111 2478 γίνεται·
1137 2438 1212 2478 παρ’
1238 2439 1288 2469 οῖσ
1317 2439 1350 2469 δὲ
1378 2440 1432 2470 δύο
1458 2439 1554 2479 ζῴδια
1582 2441 1661 2481 ὑπὲρ

115 2492 178 2530 ’γῆν
203 2491 481 2531 ἀπολαμβάνεται,
507 2492 686 2529 διμηνιαίαν
710 2492 768 2529 τὴν
786 2493 941 2530 μεγίστην
959 2489 1078 2530 ἡμέραν
1094 2491 1263 2530 συμβαίνει
1285 2491 1443 2529 γίνεσθαι,
1462 2490 1660 2533 similiaque

116 2541 338 2574 Ptolemaeus
356 2545 449 2583 synt.
470 2550 500 2592 11
522 2543 542 2574 6
561 2542 665 2574 Heib.
685 2553 742 2584 pp.
768 2543 885 2580 114-6,
904 2541 1106 2574 Cleomedes
1126 2550 1140 2572 1
1162 2542 1180 2575 7
1202 2541 1256 2580 (37
1277 2543 1357 2582 sq.).
1406 2544 1520 2574 totum
1545 2542 1660 2574 locum

116 2594 265 2626 346-351
298 2604 376 2625 011111
407 2597 444 2625 et
475 2593 629 2635 Scaliger
660 2597 697 2625 et
728 2593 910 2625 Bentleius
938 2594 1025 2625 mire
1051 2592 1320 2634 perturbassent
1346 2596 1441 2625 recte
1468 2594 1661 2635 explicauit

116 2646 308 2687 Pingraeus
338 2645 406 2677 uol.
437 2653 466 2676 11
497 2655 531 2686 p.
560 2646 624 2677 315
724 2644 786 2676 347
819 2644 896 2676 totis
926 2644 1094 2684 membris,
1122 2647 1211 2682 tota,
1241 2647 1282 2676 ut
1312 2653 1327 2675 1
1357 2645 1422 2677 890
1451 2646 1661 2678 coam-uatis

115 2697 281 2729 ardebant
312 2707 458 2738 corpora
488 2696 655 2728 membris.
705 2696 861 2728 membra
887 2700 1076 2738 propterea
1107 2699 1425 2728 commemorantur
1452 2697 1535 2739 quia
1561 2698 1662 2739 signa

115 2748 212 2788 ζῴδια
234 2752 319 2780 sunt
406 2747 469 2779 348
495 2751 642 2780 trahent
668 2751 714 2786 Μ,
740 2751 862 2780 trahet
888 2751 938 2780 GL
1025 2756 1180 2780 connexo
1206 2750 1277 2786 GM,
1303 2756 1460 2779 connexa
1485 2751 1509 2780 1.
1596 2749 1661 2780 349

110 2801 172 2839 sic,
192 2800 275 2832 dum
292 2800 337 2832 ad
353 2800 471 2842 polum
497 2810 620 2831 uersus
643 2800 727 2838 itur,
746 2800 911 2842 primum,
931 2800 1022 2832 circa
1046 2799 1216 2831 arcticum
1241 2799 1422 2838 circulum,
1441 2799 1660 2833 brumalibus

109 2852 219 2893 siguis
242 2852 365 2884 statim
389 2855 469 2894 post
492 2854 610 2883 ortum
633 2851 887 2890 occidentibus,
912 2850 1110 2883 breuissimi
1135 2849 1226 2882 fiunt
1249 2850 1324 2883 dies
1347 2850 1497 2891 hiberni,
1516 2851 1656 2891 deinde,

876 2903 895 2926 c
