1877 3146
632 108 1118 151 ASTRONOMICON
1159 109 1235 150 III
1651 113 1705 152 35

216 226 284 258 360
341 219 496 261 stantis
517 219 595 261 erit
615 219 719 260 caeli
738 219 908 274 species,
932 219 1198 275 laterumque
1218 225 1363 262 meatu

340 293 521 335 turbinis
540 293 584 335 in
605 308 765 335 morem
783 299 899 335 recta
919 293 1126 349 uertigine
1144 299 1294 336 curret.

339 368 437 409 inde
455 367 535 409 tibi
556 367 727 422 obliquo
746 381 821 409 sex
838 373 1013 409 tantum
1031 367 1150 423 signa
1170 368 1383 423 patebunt

339 441 530 491 circuitu,
552 441 689 483 nullos
709 456 915 496 umquam
933 442 1139 497 fugientia
1159 442 1275 484 uisus

337 515 411 557 sed
430 521 610 557 teretem
629 516 778 557 acclini
800 516 1009 557 mundum
1027 516 1277 558 comitantia
1296 531 1429 572 spera.

213 596 282 628 365
338 589 404 631 hic
425 589 503 631 erit
522 605 607 631 una
627 590 715 631 dies
735 604 810 645 per
827 604 949 632 senos
969 590 1157 645 undique
1177 605 1339 632 menses

337 663 647 719 dimidiumque
665 664 838 706 trahens
859 664 1070 706 contextis
1090 664 1253 706 lucibus
1273 680 1445 716 annum,

337 752 573 793 numquam
593 738 672 780 erit
692 738 890 780 occiduus
911 739 1027 793 quod
1045 743 1171 780 tanto
1190 744 1382 795 tempore
1400 740 1609 790 Phoebus,

336 813 440 854 dum
458 812 522 854 bis
543 818 663 854 terna
682 813 770 854 suis
789 812 1020 868 perlustrat
1040 813 1232 855 cursibus
1251 819 1378 864 astra,

335 886 408 928 sed
429 886 586 929 circum
605 887 790 928 uolitans
810 892 927 929 recto
946 887 1186 929 uersabitur
1206 887 1316 930 orbe.

211 968 279 1000 370
335 966 394 1011 at,
415 961 540 1002 simul
561 976 583 1002 e
602 961 741 1002 medio
761 975 960 1016 praeceps
981 961 1243 1004 descenderit
1264 962 1364 1004 orbe

334 1035 531 1076 inferiora
550 1041 698 1090 petens
718 1035 881 1077 deiecto
901 1036 1037 1078 sidera
1058 1050 1183 1077 cursu

156 1144 323 1178 habentia
354 1146 416 1178 sed
452 1157 576 1184 ursae3
611 1157 691 1178 nam
728 1148 764 1179 in
799 1158 916 1179 ursam
947 1150 1120 1179 mutatam
1152 1147 1379 1180 Callistonem
1410 1152 1529 1181 noster
1559 1160 1696 1192 quoque

153 1197 248 1229 orbis
272 1202 412 1239 spectat
500 1198 563 1229 360
589 1199 711 1230 stantis
735 1201 771 1230 et
796 1199 901 1241 paulo
929 1202 1009 1240 post
1033 1204 1127 1231 recta
1150 1199 1316 1240 uertiyz'ne
1342 1199 1482 1233 diuersa
1508 1212 1528 1232 a
1553 1201 1696 1234 Graecis

154 1249 291 1281 ratione
319 1249 418 1289 dicit,
446 1250 506 1292 qui
533 1252 629 1290 ὀρθὴν
655 1252 796 1291 σφαῖραν
820 1254 896 1282 tum
922 1250 1105 1292 appellant
1130 1261 1209 1282 cum
1233 1251 1306 1292 poli
1333 1251 1370 1283 in
1394 1251 1572 1284 horizonte
1599 1256 1694 1292 sunt,

153 1300 254 1332 uelut
277 1301 446 1333 Geminus
470 1303 490 1334 6
513 1302 555 1333 ‘23
643 1305 764 1334 meatu
787 1305 859 1340 GM,
877 1305 1035 1334 meatum
1058 1305 1082 1333 L
1105 1302 1180 1334 eod.
1201 1302 1360 1334 Venetus
1448 1303 1509 1335 361
1537 1304 1693 1344 turbinis,

152 1354 324 1393 βέμβικοσ,
352 1352 445 1394 quod
476 1357 616 1394 praeter
647 1352 861 1395 Scaligerum
888 1354 1060 1385 neminem
1092 1353 1258 1385 fefellisse
1287 1357 1386 1395 puto.
1445 1355 1515 1387 alia
1545 1356 1696 1398 imagine

152 1403 270 1436 utitur
296 1404 500 1436 Cleomedes
529 1413 542 1435 1
568 1405 587 1438 7
617 1406 684 1443 (34)
713 1406 955 1446 παραπλησίωσ
970 1407 1042 1436 τοῖσ
1068 1407 1184 1443 μύλοιο-
1215 1408 1247 1436 ἐν
1278 1407 1350 1437 τοΐσ
1382 1407 1442 1438 ὑπὸ
1468 1409 1545 1439 robo-
1573 1409 1696 1440 πόλουσ

153 1457 285 1494 κλίμασι
302 1457 519 1497 στρεφομένου
535 1458 590 1488 τοῦ
606 1458 726 1494 κόσμου
814 1460 933 1488 curret
951 1456 1144 1495 Bentleius,
1163 1460 1275 1489 currit
1298 1457 1379 1489 libri
1467 1458 1530 1490 362
1553 1462 1695 1498 obliquo

152 1516 214 1538 sex
235 1510 380 1539 tantum
405 1507 479 1546 (312²,
509 1510 671 1546 obliquos
693 1511 881 1540 extantum
904 1511 962 1539 ΒΜ
1062 1511 1237 1546 patebunt
1259 1512 1305 1547 M,
1323 1512 1462 1547 patebit
1485 1513 1534 1542 GL
1632 1511 1695 1543 363

151 1561 303 1591 circuitu
329 1561 389 1597 GL,
417 1561 548 1591 circum
574 1562 608 1590 M
697 1559 760 1590 364
786 1563 937 1591 teretem
962 1562 998 1599 G,
1022 1563 1192 1591 teaetem
1215 1563 1249 1598 L,
1272 1563 1447 1593 terentem
1474 1564 1508 1593 Μ
1596 1566 1696 1601 spira

152 1610 345 1649 Bentleius,
364 1619 502 1649 semper
525 1610 618 1648 libri,
641 1612 702 1652 qui
726 1620 739 1642 1
762 1612 827 1645 576
850 1621 952 1652 spera
976 1611 1154 1650 exhibent,
1176 1611 1236 1643 ubi
1259 1612 1342 1643 uide
1365 1612 1546 1646 adnotata.
1594 1615 1693 1646 comi-

150 1661 264 1693 tamid
278 1672 378 1702 spera
402 1662 547 1693 eandem
567 1661 675 1694 habet
698 1662 734 1694 in
758 1662 892 1694 Graeca
914 1673 1000 1694 uoce
1022 1662 1202 1695 licentiam
1225 1673 1330 1705 quam
1353 1664 1417 1696 319
1437 1665 1557 1697 ordine
1578 1676 1691 1705 zonae,

150 1714 214 1745 625
244 1713 396 1754 fastiyia
431 1724 544 1745 zonae.
604 1713 649 1745 ad
688 1713 811 1746 acclini
845 1713 1000 1756 Scaliger
1038 1714 1153 1746 audiri
1191 1714 1289 1746 iubet
1327 1715 1473 1747 circuitu
1510 1727 1553 1748 ex
1590 1727 1694 1750 uersu

149 1764 337 1807 superiore,
358 1765 457 1806 quasi
474 1765 567 1796 hunc
588 1765 624 1796 in
645 1764 788 1797 modum
811 1765 969 1797 homines
990 1765 1192 1807 loquantur,
1210 1776 1268 1798 sex
1287 1767 1386 1807 siyna
1402 1767 1535 1809 obliquo
1550 1768 1695 1801 circuitu

143 1816 321 1857 patebunt,
359 1816 468 1848 nullos
503 1817 598 1848 uisus
625 1816 806 1857 fuyientia
841 1817 899 1848 sed
935 1816 1059 1849 acclini
1088 1817 1255 1849 mundum
1288 1818 1496 1851 comitantia.
1560 1820 1694 1852 zodiaci

148 1868 272 1900 circuli
294 1879 377 1909 pars
401 1868 581 1900 horizonte
605 1869 764 1910 superior
787 1868 967 1900 adclinata.
992 1873 1046 1900 est
1073 1868 1160 1900 caeli
1185 1868 1440 1911 hemisphaerio
1463 1870 1528 1903 sub
1551 1871 1692 1914 adspec-

148 1923 226 1952 tum
249 1919 389 1952 cadenti
416 1930 495 1951 cum
521 1930 631 1961 eoque
659 1920 911 1962 circumagitur
1012 1919 1075 1950 365
1103 1920 1262 1961 undique.
1313 1921 1441 1954 Cleom.
1463 1931 1476 1954 1
1500 1923 1519 1957 7
1544 1924 1599 1962 (33
1622 1927 1692 1967 sq.)

149 1973 306 2012 περίσκιοι
323 1995 330 2003 .
352 1995 359 2003 .
380 1996 387 2002 .
409 1973 441 2002 αἱ
471 1972 531 2002 ὑπὸ
558 1972 629 2002 τοῖο·
660 1973 777 2003 πόλοισ
806 1972 987 2010 (οἰκήσεισ),
1015 1973 1048 2002 ἐν
1076 1973 1130 2002 alo-
1157 1974 1210 2003 καὶ
1236 1974 1286 2004 εἰσ
1313 1972 1431 2013 ἡμέραν
1462 1976 1515 2005 καὶ
1545 1977 1644 2007 νύκτα
1675 1978 1692 2008 ὁ

148 2024 297 2055 ἐνιαυτὸσ
321 2024 567 2063 διαιρεθήσεται,
593 2023 754 2063 ὁρίζοντοσ
776 2024 833 2061 μὲν
858 2024 1024 2062 ’γινομένου
1048 2023 1122 2063 παρ’
1147 2024 1256 2054 αὐτοῖσ-
1279 2026 1335 2056 τοῢ
1358 2026 1550 2066 ἰσημερινοῦ,
1573 2029 1691 2066 ζῳδίων

149 2076 183 2106 δὲ
210 2077 242 2113 ἓξ
270 2075 320 2105 διὰ
347 2076 473 2105 παντὸο·
497 2076 560 2105 τῶν
587 2076 690 2105 αὐτῶν
716 2075 794 2115 ὑπὲρ
821 2076 888 2114 ’γῆσ
915 2076 1015 2105 ὄντων
1040 2076 1091 2105 καὶ
1119 2077 1152 2113 ἒξ
1179 2076 1238 2106 ὑπὸ
1263 2077 1336 2115 -γῆν,
1387 2079 1501 2108 κύκλον
1526 2080 1580 2109 οὖν
1605 2091 1690 2120 περι-

146 2127 331 2167 -γράφουσαι
358 2125 432 2166 παρ’
459 2127 572 2157 αὐτοῖσ-
599 2127 632 2157 αἱ
657 2128 744 2157 σκιαὶ
770 2127 956 2166 περισκίουσ
981 2127 1099 2157 αὐτοὺσ
1124 2128 1260 2165 ποιοῦσι,
1284 2126 1398 2159 Strab.
1424 2137 1454 2160 ΙΙ
1481 2139 1514 2170 p.
1542 2130 1603 2162 136

191 2177 255 2208 366
284 2178 446 2209 contextis
476 2178 527 2209 ita
558 2180 599 2209 ut
629 2177 747 2209 nullae
777 2177 1051 2219 interponantur
1081 2177 1246 2209 tenebrae
1356 2178 1420 2210 369
1449 2183 1691 2214 uersabitur*

148 2230 463 2269 (zuers-itur-ab)‚
495 2232 661 2261 uersatur
695 2232 740 2260 ab
776 2232 834 2260 Lm
873 2229 948 2261 cod.
975 2229 1147 2268 Venetus,
1179 2233 1345 2262 uersatur
1377 2234 1422 2262 ab
1451 2231 1523 2264 GL2.
1577 2243 1689 2276 neque

146 2283 243 2313 recto
275 2280 317 2312 ab
349 2279 431 2312 orbe
462 2280 624 2312 Phoebus
661 2283 833 2319 uersatur,
869 2284 905 2312 et
935 2281 1128 2322 requiritur
1164 2281 1346 2320 futurum3
1384 2282 1477 2314 unde
1507 2283 1689 2318 Bentleius

146 2333 276 2365 uisetur
297 2331 340 2364 ab
361 2342 435 2364 axe.
486 2332 662 2364 contraria
686 2333 838 2364 mutatio
862 2332 1061 2364 adhibenda
1084 2336 1138 2364 est
1161 2333 1337 2374 Propertii
1359 2334 1434 2366 loco
1457 2343 1502 2366 111
1526 2337 1546 2368 5
1572 2338 1611 2369 15
1634 2348 1684 2380 sq.

146 2384 256 2416 uictor
276 2394 352 2416 cum
373 2383 473 2415 uictis
493 2384 630 2424 pariter
651 2384 845 2416 miscetur
868 2383 909 2416 in
934 2384 1141 2423 (miscebitur
1160 2384 1256 2424 libri)
1277 2385 1417 2425 umbris,
1439 2386 1443 2428 Ι
1465 2388 1595 2420 consule
1612 2400 1688 2422 cum

146 2436 278 2474 Mario,
309 2439 405 2475 capte
437 2435 622 2476 haym-tha,
649 2436 752 2474 sedes,
780 2435 841 2467 ubi
872 2435 1105 2468 Rothsteinus
1135 2438 1195 2467 ‘zu
1222 2436 1331 2468 uictor
1355 2447 1451 2469 muss
1477 2439 1599 2471 umbra
1625 2451 1688 2473 aus

145 2487 275 2520 umbris
300 2486 559 2529 hinzugedacht
586 2487 725 2518 werden
738 2487 759 2526 ³,
786 2487 962 2529 specimen
992 2487 1196 2526 doctrinae3
1220 2487 1408 2521 dumtaxat
1437 2489 1564 2522 Latine
1588 2491 1683 2525 Post·

144 2539 263 2581 gatius
287 2537 415 2570 uictrix
503 2538 567 2569 370
590 2549 656 2570 om.
676 2541 711 2570 Μ
736 2538 780 2570 ob
806 2538 1122 2577 homoeoteleuton,
1149 2539 1185 2570 in
1211 2550 1280 2581 quo
1304 2540 1438 2572 nullam
1461 2541 1686 2576 offensionem

145 2601 219 2623 esse
249 2589 324 2622 dixi
355 2589 400 2621 ad
430 2598 460 2621 11
486 2580 554 2621 ‘523
652 2589 764 2621 medio
794 2590 882 2629 orbe,
912 2590 1043 2622 circulo
1073 2591 1332 2632 aequinoctiali,
1362 2592 1423 2634 qui
1452 2593 1488 2624 in
1519 2594 1580 2626 illo
1611 2595 1686 2628 loco

144 2642 286 2674 horizon
313 2643 368 2673 est
456 2640 518 2672 371
546 2640 636 2673 Plin.
662 2641 735 2673 n.h.
761 2650 791 2673 11
817 2642 860 2673 43
885 2641 996 2680 (luna)
1020 2652 1109 2673 nunc
1134 2641 1169 2673 in
1194 2642 1387 2683 aquilonem
1411 2643 1512 2683 elata,
1535 2656 1624 2679 nunc
1649 2647 1687 2680 in

144 2698 278 2726 austros
307 2692 476 2725 deiecta.
526 2702 590 2734 pro
615 2702 717 2724 cur-sn
744 2692 926 2724 Bentleius
954 2703 1070 2732 curru,
1097 2693 1191 2734 quod
1221 2694 1339 2726 uerius
1363 2695 1527 2735 uidetur;
1562 2698 1686 2731 deiecto

144 2745 237 2777 enim
262 2744 310 2776 sic
337 2743 470 2776 dicitur
494 2746 536 2776 ut
560 2743 637 2775 Liu.
660 2752 759 2775 xxnl
784 2746 826 2778 47
851 2745 872 2776 5
896 2755 947 2786 sq.
970 2749 1042 2776 tum
1069 2744 1268 2785 Campanus
1295 2745 1450 2779 Romano
1480 2749 1488 2764 ‘
1503 2751 1686 2790 equorum'

143 2796 255 2838 inquit
290 2795 380 2835 Ἴως,
409 2805 477 2827 non
504 2795 652 2836 equitum
679 2795 743 2827 erit
771 2800 950 2835 certamen,
975 2796 1045 2828 nisi
1072 2806 1087 2828 e
1113 2807 1233 2837 campo
1260 2797 1297 2829 in
1323 2808 1448 2831 cauam
1474 2799 1562 2833 hanc
1588 2801 1685 2834 uiam

144 2847 397 2880 demittimus
423 2847 541 2888 equos’
555 2871 563 2880 .
585 2871 592 2879 .
613 2871 620 2879 .
641 2847 731 2879 dicto
755 2858 862 2888 prope
885 2846 984 2880 citius
1005 2858 1123 2889 equom
1147 2847 1184 2880 in
1206 2848 1302 2881 uiam
1326 2849 1494 2883 Claudius
1519 2852 1682 2892 deiecit,
