1877 3146
614 138 1101 182 ASTRONOMICON
1142 140 1219 182 III
1637 143 1687 181 61

197 256 268 289 605
323 249 427 292 haec
446 254 512 291 ter
531 249 701 292 uicenos
721 249 922 306 geminat,
943 250 1021 292 tris
1041 249 1253 293 abstrahit
1272 263 1417 292 annos.

323 337 516 379 quaeque
536 323 647 366 infra
665 323 808 366 ueniet
827 324 971 379 spatio
989 323 1127 366 diuisa
1145 323 1225 366 sub
1245 338 1381 380 aequo

322 412 396 453 per
415 397 735 454 quinquagenas
755 398 941 453 complet
959 412 1037 440 sua
1056 413 1231 440 munera
1251 398 1435 440 brumas.

323 486 534 527 quemque
553 471 694 514 locum
712 478 886 528 superat
906 486 1082 514 nascens
1102 473 1368 529 horoscopos,
1389 472 1458 514 ille

321 546 430 588 dena
450 551 602 601 quater
620 551 794 589 reuocat
812 547 1020 589 uertentis
1038 551 1233 602 tempora
1252 547 1350 589 solis

195 627 265 659 610
321 620 653 675 adcumulatque
671 620 779 662 duos
798 635 943 663 cursus
963 620 1246 677 iuuenemque
1265 621 1476 677 relinquit.

320 699 367 736 at
387 694 459 749 qui
478 694 694 750 praecedit
712 694 922 750 surgentis
942 694 1125 737 cardinis
1145 709 1263 737 oram

319 768 489 811 uicenos
507 774 736 824 ternosque
755 769 878 811 dabit
897 769 1169 811 nascentibus
1188 784 1323 812 annos

319 843 394 884 uix
412 843 684 899 degustatam
702 843 870 899 rapiens
888 843 969 886 sub
991 843 1091 886 flore
1110 844 1342 886 iuuentam.

313 917 434 973 ,quod
453 931 579 973 super
599 932 772 960 occasus
791 918 1001 974 templum
1022 923 1085 960 est
1104 923 1170 960 ter
1189 918 1299 961 dena
1318 918 1500 961 remittit

136 1074 241 1102 aucta
256 1070 385 1102 duobus
403 1072 499 1102 recte
520 1069 693 1102 traditum
712 1080 786 1102 esse
805 1080 874 1101 non
896 1069 1043 1102 confido.
1092 1069 1153 1102 sed
1177 1069 1368 1102 formarum
1388 1070 1528 1102 nomine
1549 1069 1683 1112 templa.

137 1121 364 1164 dodecatropi
380 1121 568 1164 significari
590 1121 759 1163 potuisse,
777 1132 867 1163 quae
888 1121 954 1154 sub
975 1122 1093 1154 oculos
1114 1132 1183 1154 non
1204 1122 1337 1155 cadunt
1352 1133 1392 1155 ac
1408 1133 1452 1154 ne
1468 1122 1682 1164 cogitatione

134 1173 279 1216 quidem
301 1173 453 1216 speciem
476 1173 631 1215 aliquam
655 1173 860 1216 insignitam
885 1174 1076 1215 accipiunt,
1103 1184 1173 1205 non
1198 1184 1241 1205 ex
1265 1184 1305 1206 eo
1329 1173 1495 1206 credibile
1522 1173 1564 1206 fit
1587 1173 1682 1216 quod

137 1225 307 1258 Manilius
322 1234 352 1258 11
369 1225 434 1258 882
455 1236 519 1267 pro
542 1224 675 1267 templo
698 1229 846 1264 astrum,
865 1234 910 1257 111
927 1226 990 1260 497
1007 1235 1070 1267 pro
1093 1228 1190 1258 astro
1213 1226 1361 1258 formam
1385 1233 1422 1257 et
1444 1226 1508 1260 676
1532 1225 1681 1268 figuram

137 1277 345 1319 usurpauit:
384 1280 497 1309 sortes
523 1276 750 1319 appellantur
777 1285 806 1308 11
834 1277 907 1311 872.
968 1276 1133 1309 manendi
1164 1276 1310 1309 uerbum
1341 1280 1447 1319 poeta
1476 1277 1607 1319 passim
1630 1277 1682 1309 ita

135 1328 303 1361 adhibuit
325 1331 367 1361 ut
389 1328 434 1361 ab
457 1339 498 1360 eo
520 1327 614 1370 quod
637 1331 691 1360 est
715 1338 782 1360 esse
804 1339 873 1360 non
897 1328 1047 1360 multum
1073 1328 1243 1367 differret,
1264 1328 1362 1361 uelut
1386 1338 1414 1360 11
1437 1329 1513 1367 240,
1538 1329 1603 1363 277
1627 1339 1678 1371 sq.

132 1384 233 1412 astra
254 1379 259 1421 Ι
277 1390 365 1421 quae
387 1379 505 1412 diuisa
531 1385 667 1412 manent
694 1380 799 1411 ternis
825 1379 994 1412 distantia
1020 1379 1137 1420 siquis,
1163 1380 1238 1419 397,
1264 1381 1339 1420 574,
1366 1381 1442 1419 668,
1468 1389 1508 1412 IV
1537 1381 1602 1415 479
1626 1391 1677 1422 sq.

136 1442 223 1472 quae
249 1431 411 1464 uicesima
438 1431 560 1473 quinta
587 1436 633 1463 est
655 1431 862 1472 {oceanoque
888 1436 1001 1463 vianet
1031 1442 1172 1464 numero
1201 1442 1391 1473 nonumque
1421 1432 1576 1473 capessit,
1603 1433 1678 1467 807.

132 1483 256 1515 eadem
281 1494 404 1516 uersus
431 1483 513 1515 sede
539 1487 653 1515 manet
679 1487 709 1515 et
736 1483 891 1525 positum
914 1486 969 1515 est
992 1492 1032 1514 1v
1055 1483 1130 1515 909.
1178 1487 1208 1515 et
1231 1494 1274 1515 ne
1297 1483 1478 1516 abundare
1500 1483 1679 1523 uideatur,

132 1535 254 1567 confer
272 1536 334 1567 145
349 1534 489 1567 ultimus
505 1539 535 1567 et
551 1539 656 1567 totam
672 1535 870 1567 concludens
886 1534 1006 1566 ordine
1021 1545 1203 1574 summam,
1221 1544 1246 1566 V
1262 1536 1326 1567 645
1344 1535 1431 1567 nixa
1449 1545 1537 1576 yeme
1557 1536 1681 1576 species

132 1592 163 1620 et
203 1587 312 1619 Graio
348 1586 483 1619 nomine
520 1586 614 1618 dicta
634 1586 639 1627 1
660 1585 858 1625 Εηῃοηαεὶπ
946 1585 1007 1617 605
1045 1589 1133 1618 haec
1171 1586 1245 1619 cod.
1280 1586 1390 1626 Flon,
1418 1595 1482 1619 nec
1508 1589 1592 1619 ΘΒΜ

177 1640 357 1670 abstrahit
386 1641 423 1676 G,
455 1640 645 1670 abstrahat
674 1640 733 1669 ΒΜ
821 1636 1043 1669 undecimum
1073 1638 1244 1679 templum
1275 1649 1384 1670 annos
1414 1638 1570 1671 tribuere
1600 1647 1680 1670 LVII

134 1690 313 1722 intellexit
329 1689 623 1728 Bonincontrius3
648 1700 728 1721 nam
745 1688 918 1729 ,qeminare
935 1690 1001 1721 etsi
1023 1689 1129 1731 uulgo
1150 1699 1214 1731 pro
1235 1690 1416 1731 duplicare
1437 1691 1591 1732 ponitur,
1610 1701 1680 1722 non

133 1746 263 1781 tamen,
293 1741 353 1784 qui
381 1744 436 1773 ter
462 1741 628 1783 geminat,
658 1744 713 1772 ter
740 1741 912 1783 duplicat,
939 1741 1000 1773 sed
1029 1744 1084 1773 ter
1110 1741 1338 1783 multiplicat,
1365 1741 1401 1773 id
1428 1744 1483 1774 est
1506 1742 1675 1784 triplicat.

130 1794 236 1826 testis
258 1804 415 1825 mearum
439 1794 653 1835 tergeminus
677 1793 774 1824 canis
797 1793 1077 1831 sententiarum3
1100 1794 1303 1835 frustraque
1320 1794 1437 1834 Fayus
1459 1793 1556 1834 largo
1574 1802 1679 1826 CXVII

129 1855 303 1877 annorum
320 1844 412 1876 dono
436 1844 500 1876 hoc
521 1843 695 1886 templum
711 1843 853 1875 ornauit
941 1843 1004 1874 606
1020 1846 1141 1876 ueniet
1157 1843 1322 1886 Scaliger,
1343 1847 1488 1877 ueniens
1504 1844 1598 1884 libri,
1616 1844 1678 1877 sed

130 1897 325 1940 requiritur
347 1895 495 1928 uerbum
525 1895 677 1934 finitum,
707 1896 807 1927 cuius
836 1898 977 1937 tempus
1007 1895 1168 1927 defendit
1198 1901 1355 1937 sequetur
1384 1897 1458 1929 601.
1507 1896 1678 1939 scriptum

132 1949 249 1981 fuerat
271 1947 416 1987 uenient,
442 1947 536 1979 sicut
559 1948 621 1982 607
646 1948 821 1988 complent,
848 1947 912 1979 602
941 1947 1143 1988 duplicatum
1177 1947 1304 1980 deinde
1326 1947 1488 1980 adhaesit
1514 1959 1530 1980 s
1618 1948 1677 1980 sub

131 1999 346 2043 praepositio
376 1999 406 2031 si
441 1998 590 2038 abesset,
623 1998 713 2030 nihil
751 1998 1024 2037 desideraretur,
1058 1997 1277 2040 significatur
1314 1999 1407 2031 enim
1444 2010 1518 2032 sors
1556 1999 1677 2031 eodem

131 2051 320 2084 interuallo
342 2050 387 2082 ab
408 2051 599 2092 horoscopo
620 2049 757 2082 distans
777 2052 885 2092 atque
908 2060 949 2082 ea
971 2060 1060 2092 quae
1083 2061 1116 2082 u.
1137 2051 1201 2083 604
1217 2053 1486 2084 commemorata
1501 2054 1567 2083 est.
1616 2051 1678 2083 sed

130 2103 244 2145 spatio
266 2103 326 2135 sub
349 2112 457 2144 aequo
483 2101 698 2143 interpretor
727 2103 858 2143 ‘aequo
885 2101 1001 2143 spatio
1026 2101 1214 2134 discrimen
1246 2101 1436 2134 efficiente'
1524 2101 1588 2134 607
1615 2111 1679 2141 per

132 2156 207 2188 cod.
227 2155 398 2193 Venetus,
423 2158 480 2187 ter
502 2157 586 2186 ΘΒΜ
675 2157 828 2193 complet
854 2153 929 2185 cod.
950 2153 1109 2186 cusanus
1133 2157 1225 2186 teste
1249 2154 1385 2195 Ellisio,
1411 2155 1467 2187 cui
1489 2158 1678 2197 propterea

131 2207 236 2240 credo
265 2207 348 2249 quia
378 2206 471 2239 idem
498 2205 630 2238 habent
642 2205 743 2238 Voss.
763 2207 802 2238 18
823 2208 861 2237 et
887 2205 1002 2238 Bentl.
1024 2207 1052 2242 δ,
1079 2209 1256 2244 complent
1283 2209 1368 2238 ΘΒΜ
1454 2210 1599 2239 brumas
1628 2210 1673 2246 M,

128 2263 258 2292 bruma.
282 2261 344 2297 GL,
370 2258 428 2290 hic
450 2262 634 2300 praeterea
658 2259 925 2296 quinquagenos
1014 2257 1161 2290 tertium
1184 2257 1355 2299 templum
1377 2269 1485 2290 annos
1505 2258 1634 2291 tribuit
1657 2267 1680 2290 L

217 2309 283 2342 609
304 2312 396 2342 dena
417 2308 501 2348 L2M,
520 2311 613 2341 dona.
627 2311 686 2348 GL,
706 2317 801 2341 nona
821 2308 896 2340 cod.
912 2308 1071 2341 Venetus
1159 2309 1351 2341 secundum
1374 2310 1545 2352 templum
1568 2321 1678 2343 annos

133 2362 263 2395 tribuit
286 2370 366 2393 XLII
453 2360 516 2392 611
540 2363 722 2400 praecedit
737 2363 773 2400 G,
792 2362 967 2399 praecidit
982 2363 1040 2392 ΒΜ
1056 2363 1097 2392 ut
1112 2361 1187 2393 593.
1235 2361 1407 2403 templum
1430 2361 1677 2395 duodecimum

131 2414 360 2456 προαναφορὰν
397 2414 454 2444 τοῦ
490 2413 674 2453 ὡροσκόπου
704 2412 902 2454 similiaque
932 2412 1104 2454 appellari
1133 2412 1209 2444 dixi
1238 2412 1284 2444 ad
1315 2422 1344 2445 II
1375 2413 1439 2446 864
1526 2422 1626 2446 oram
1641 2415 1676 2454 ἦ,

130 2470 257 2499 horam
286 2464 378 2497 libri.
429 2464 515 2496 hora
546 2464 729 2506 horoscopi
760 2466 855 2503 (nam
885 2464 914 2496 is
945 2467 999 2496 est
1026 2474 1170 2506 surgens
1197 2464 1315 2504 cardo)
1343 2464 1441 2497 nulla
1470 2468 1534 2505 est,
1565 2476 1678 2508 neque

131 2518 251 2549 horam
274 2514 483 2558 praecedere
505 2518 625 2557 potest
648 2514 754 2547 locus.
847 2514 891 2547 de
915 2525 978 2547 ora
1004 2514 1050 2546 ad
1077 2515 1140 2550 537
1164 2514 1371 2558 disputaui3
1397 2527 1620 2559 quamquam,
1647 2518 1678 2550 si

131 2580 187 2602 me
213 2567 383 2601 Manilius
410 2569 495 2599 usu's
520 2569 614 2599 esset
640 2566 851 2606 consultore,
879 2566 944 2598 hoc
970 2566 1046 2598 loco
1072 2571 1196 2606 ortum,
1222 2567 1282 2599 illo
1305 2572 1382 2600 sunt
1405 2568 1526 2610 quibus
1552 2579 1568 2602 e
1592 2569 1680 2602 caeli

129 2622 267 2663 placeat
298 2617 466 2651 nascentis
492 2617 530 2650 in
555 2618 667 2650 orbem
689 2617 821 2660 isiderc
851 2618 1050 2661 scripsisset
1136 2617 1200 2650 612
1230 2618 1477 2652 duodecimum
1505 2621 1677 2663 templum

129 2682 241 2705 annos
271 2670 402 2703 tribuit
431 2678 544 2709 xxnl,
576 2680 666 2712 quae
695 2680 831 2702 summa
861 2680 924 2702 cur
954 2670 1068 2702 minor
1097 2670 1222 2703 maiori
1247 2681 1328 2703 mox
1355 2673 1678 2706 commemorandae

134 2725 374 2766 anteponatur
396 2721 500 2754 docui
524 2722 561 2754 in
583 2720 803 2764 praefatione
899 2721 965 2752 614
986 2724 1159 2761 templum
1182 2721 1311 2764 Fayus,
1337 2726 1554 2762 temptatum
1580 2724 1675 2764 libri,

128 2776 214 2818 quia
251 2775 423 2816 scriptum
460 2773 578 2805 fuerat
615 2778 788 2814 temptum.
847 2772 1016 2816 templum
1056 2773 1144 2806 dicit
1180 2776 1346 2806 octauum
1441 2778 1498 2808 ter
1527 2778 1573 2814 M,
1606 2787 1673 2809 om.

130 2829 275 2870 propter
297 2828 450 2858 metrum
474 2827 544 2858 GL:
569 2825 621 2857 ita
643 2833 669 2856 v
691 2825 755 2860 667
778 2829 851 2857 lum
873 2835 1004 2866 quoque
1027 2824 1207 2865 Manilius,
1228 2830 1334 2858 totum
1356 2836 1488 2869 quoque
1503 2830 1547 2867 M,
1570 2833 1676 2860 cotum

126 2882 179 2912 GL
265 2878 423 2911 remittit
458 2879 519 2916 GL,
551 2878 708 2909 renuti-it.
744 2879 789 2909 M.
847 2876 1000 2917 remittit,
1032 2877 1193 2910 nascenti
1230 2877 1404 2919 concedit,
1444 2878 1547 2912 Ouid.
1590 2883 1672 2913 met.
