<?xml version="1.0" encoding="UTF-8"?>
<!DOCTYPE html PUBLIC "-//W3C//DTD XHTML 1.0 Transitional//EN"
    "http://www.w3.org/TR/xhtml1/DTD/xhtml1-transitional.dtd">
<html xmlns="http://www.w3.org/1999/xhtml" xml:lang="en" lang="en">
 <head>
  <title>
</title>
<meta http-equiv="Content-Type" content="text/html;charset=utf-8" />
  <meta name='ocr-system' content='tesseract 3.04.00' />
  <meta name='ocr-capabilities' content='ocr_page ocr_carea ocr_par ocr_line ocrx_word'/>
</head>
<body>
  <div class='ocr_page' id='page_1' title='image "astronomiconrece03maniuoft_0039.png"; bbox 0 0 1877 3146; ppageno 0'>
   <div class='ocr_carea' id='block_1_1' title="bbox 598 138 1668 182">
    <p class='ocr_par' dir='ltr' id='par_1_1' title="bbox 598 138 1668 182">
     <span class='ocr_line' id='line_1_1' title="bbox 598 138 1668 182; baseline -0.005 -1"><span class='ocrx_word' id='word_1_1' title='bbox 598 138 1083 182; x_wconf 85' lang='lat' dir='ltr'><strong>ASTRONOMICON</strong></span> <span class='ocrx_word' id='word_1_2' title='bbox 1126 138 1201 179; x_wconf 89' lang='lat' dir='ltr'>III</span> <span class='ocrx_word' id='word_1_3' title='bbox 1642 139 1668 176; x_wconf 89' lang='lat'>5</span> 
     </span>
    </p>
   </div>
   <div class='ocr_carea' id='block_1_2' title="bbox 204 249 1392 372">
    <p class='ocr_par' dir='ltr' id='par_1_2' title="bbox 204 249 1392 372">
     <span class='ocr_line' id='line_1_2' title="bbox 307 249 1392 305; baseline -0.003 -13"><span class='ocrx_word' id='word_1_4' title='bbox 307 265 416 305; x_wconf 86' lang='lat' dir='ltr'>quae</span> <span class='ocrx_word' id='word_1_5' title='bbox 435 250 514 292; x_wconf 92' lang='lat' dir='ltr'>tibi</span> <span class='ocrx_word' id='word_1_6' title='bbox 534 249 782 305; x_wconf 85' lang='lat' dir='ltr'>praecipuos</span> <span class='ocrx_word' id='word_1_7' title='bbox 802 264 902 291; x_wconf 89' lang='lat' dir='ltr'>usus</span> <span class='ocrx_word' id='word_1_8' title='bbox 923 255 1160 291; x_wconf 85' lang='lat' dir='ltr'>monstrata</span> <span class='ocrx_word' id='word_1_9' title='bbox 1182 249 1392 290; x_wconf 79' lang='lat' dir='ltr'>ministret</span> 
     </span>
     <span class='ocr_line' id='line_1_3' title="bbox 204 323 1285 372; baseline 0 -8"><span class='ocrx_word' id='word_1_10' title='bbox 204 332 250 364; x_wconf 90' lang='lat'>45</span> <span class='ocrx_word' id='word_1_11' title='bbox 305 330 348 366; x_wconf 91' lang='lat' dir='ltr'>et</span> <span class='ocrx_word' id='word_1_12' title='bbox 368 329 504 366; x_wconf 83' lang='lat' dir='ltr'>certas</span> <span class='ocrx_word' id='word_1_13' title='bbox 523 324 597 365; x_wconf 89' lang='lat' dir='ltr'>det</span> <span class='ocrx_word' id='word_1_14' title='bbox 616 324 660 364; x_wconf 87' lang='lat' dir='ltr'>in</span> <span class='ocrx_word' id='word_1_15' title='bbox 679 329 770 365; x_wconf 85' lang='lat' dir='ltr'>arte</span> <span class='ocrx_word' id='word_1_16' title='bbox 790 323 881 365; x_wconf 86' lang='lat' dir='ltr'>uias</span> <span class='ocrx_word' id='word_1_17' title='bbox 901 323 955 364; x_wconf 86' lang='lat' dir='ltr'>ad</span> <span class='ocrx_word' id='word_1_18' title='bbox 976 323 1068 365; x_wconf 83' lang='lat' dir='ltr'>fata</span> <span class='ocrx_word' id='word_1_19' title='bbox 1089 323 1285 372; x_wconf 74' lang='lat' dir='ltr'>mdenda,</span> 
     </span>
    </p>
   </div>
   <div class='ocr_carea' id='block_1_3' title="bbox 305 397 1350 522">
    <p class='ocr_par' dir='ltr' id='par_1_3' title="bbox 305 397 1350 522">
     <span class='ocr_line' id='line_1_4' title="bbox 305 397 1287 452; baseline -0.001 -13"><span class='ocrx_word' id='word_1_20' title='bbox 305 398 340 440; x_wconf 90' lang='lat' dir='ltr'>si</span> <span class='ocrx_word' id='word_1_21' title='bbox 360 398 466 439; x_wconf 90' lang='lat' dir='ltr'>bene</span> <span class='ocrx_word' id='word_1_22' title='bbox 486 398 726 439; x_wconf 86' lang='lat' dir='ltr'>constiterit</span> <span class='ocrx_word' id='word_1_23' title='bbox 747 397 939 452; x_wconf 84' lang='lat' dir='ltr'>uigilanti</span> <span class='ocrx_word' id='word_1_24' title='bbox 960 397 1131 439; x_wconf 86' lang='lat' dir='ltr'>condita</span> <span class='ocrx_word' id='word_1_25' title='bbox 1151 412 1287 439; x_wconf 88' lang='lat' dir='ltr'>sensu.</span> 
     </span>
     <span class='ocr_line' id='line_1_5' title="bbox 305 467 1350 522; baseline 0 -15"><span class='ocrx_word' id='word_1_26' title='bbox 305 467 560 522; x_wconf 88' lang='lat' dir='ltr'>principium</span> <span class='ocrx_word' id='word_1_27' title='bbox 578 481 719 507; x_wconf 89' lang='lat' dir='ltr'>rerum</span> <span class='ocrx_word' id='word_1_28' title='bbox 739 472 781 508; x_wconf 89' lang='lat' dir='ltr'>et</span> <span class='ocrx_word' id='word_1_29' title='bbox 802 472 944 508; x_wconf 83' lang='lat' dir='ltr'>custos</span> <span class='ocrx_word' id='word_1_30' title='bbox 964 472 1118 508; x_wconf 86' lang='lat' dir='ltr'>natura</span> <span class='ocrx_word' id='word_1_31' title='bbox 1138 467 1350 508; x_wconf 88' lang='lat' dir='ltr'>latentum</span> 
     </span>
    </p>
   </div>
   <div class='ocr_carea' id='block_1_4' title="bbox 203 539 1596 1489">
    <p class='ocr_par' dir='ltr' id='par_1_4' title="bbox 203 539 1596 1489">
     <span class='ocr_line' id='line_1_6' title="bbox 307 539 1385 596; baseline -0.001 -14"><span class='ocrx_word' id='word_1_32' title='bbox 307 542 422 593; x_wconf 89' lang='lat' dir='ltr'>(cum</span> <span class='ocrx_word' id='word_1_33' title='bbox 439 546 588 582; x_wconf 86' lang='lat' dir='ltr'>tantas</span> <span class='ocrx_word' id='word_1_34' title='bbox 607 546 790 582; x_wconf 72' lang='lat' dir='ltr'>strueret</span> <span class='ocrx_word' id='word_1_35' title='bbox 810 540 939 582; x_wconf 91' lang='lat' dir='ltr'>moles</span> <span class='ocrx_word' id='word_1_36' title='bbox 960 555 1033 596; x_wconf 89' lang='lat' dir='ltr'>per</span> <span class='ocrx_word' id='word_1_37' title='bbox 1053 541 1218 582; x_wconf 88' lang='lat' dir='ltr'>moenia</span> <span class='ocrx_word' id='word_1_38' title='bbox 1238 539 1385 582; x_wconf 85' lang='lat' dir='ltr'>mundi</span> 
     </span>
     <span class='ocr_line' id='line_1_7' title="bbox 305 614 1248 657; baseline -0.001 0"><span class='ocrx_word' id='word_1_39' title='bbox 305 621 348 657; x_wconf 91' lang='lat' dir='ltr'>et</span> <span class='ocrx_word' id='word_1_40' title='bbox 368 615 525 657; x_wconf 87' lang='lat' dir='ltr'>circum</span> <span class='ocrx_word' id='word_1_41' title='bbox 548 614 651 656; x_wconf 84' lang='lat' dir='ltr'>fusis</span> <span class='ocrx_word' id='word_1_42' title='bbox 671 614 817 655; x_wconf 89' lang='lat' dir='ltr'>orbem</span> <span class='ocrx_word' id='word_1_43' title='bbox 836 614 1105 656; x_wconf 85' lang='lat' dir='ltr'>concluderet</span> <span class='ocrx_word' id='word_1_44' title='bbox 1124 615 1248 656; x_wconf 85' lang='lat' dir='ltr'>astris</span> 
     </span>
     <span class='ocr_line' id='line_1_8' title="bbox 203 687 1536 744; baseline 0 -15"><span class='ocrx_word' id='word_1_45' title='bbox 203 697 248 729; x_wconf 86' lang='lat'>50</span> <span class='ocrx_word' id='word_1_46' title='bbox 303 689 490 744; x_wconf 88' lang='lat' dir='ltr'>undique</span> <span class='ocrx_word' id='word_1_47' title='bbox 510 689 768 744; x_wconf 72' lang='lat' dir='ltr'>pendentem</span> <span class='ocrx_word' id='word_1_48' title='bbox 788 689 831 730; x_wconf 90' lang='lat' dir='ltr'>in</span> <span class='ocrx_word' id='word_1_49' title='bbox 852 689 1051 738; x_wconf 89' lang='lat' dir='ltr'>medium,</span> <span class='ocrx_word' id='word_1_50' title='bbox 1073 689 1325 744; x_wconf 88' lang='lat' dir='ltr'>diuersaque</span> <span class='ocrx_word' id='word_1_51' title='bbox 1345 687 1536 729; x_wconf 82' lang='lat' dir='ltr'>membra</span> 
     </span>
     <span class='ocr_line' id='line_1_9' title="bbox 305 763 1267 819; baseline -0.001 -14"><span class='ocrx_word' id='word_1_52' title='bbox 305 764 523 805; x_wconf 85' lang='lat' dir='ltr'>ordinibus</span> <span class='ocrx_word' id='word_1_53' title='bbox 543 763 667 805; x_wconf 87' lang='lat' dir='ltr'>certis</span> <span class='ocrx_word' id='word_1_54' title='bbox 686 763 867 805; x_wconf 74' lang='lat' dir='ltr'>sociaret</span> <span class='ocrx_word' id='word_1_55' title='bbox 888 778 1038 819; x_wconf 85' lang='lat' dir='ltr'>corpus</span> <span class='ocrx_word' id='word_1_56' title='bbox 1058 763 1101 804; x_wconf 91' lang='lat' dir='ltr'>in</span> <span class='ocrx_word' id='word_1_57' title='bbox 1121 778 1267 813; x_wconf 82' lang='lat' dir='ltr'>unum,</span> 
     </span>
     <span class='ocr_line' id='line_1_10' title="bbox 305 838 1534 893; baseline -0.002 -13"><span class='ocrx_word' id='word_1_58' title='bbox 305 853 487 893; x_wconf 87' lang='lat' dir='ltr'>aeraque</span> <span class='ocrx_word' id='word_1_59' title='bbox 508 844 550 879; x_wconf 88' lang='lat' dir='ltr'>et</span> <span class='ocrx_word' id='word_1_60' title='bbox 570 844 704 879; x_wconf 86' lang='lat' dir='ltr'>terras</span> <span class='ocrx_word' id='word_1_61' title='bbox 725 838 1025 893; x_wconf 87' lang='lat' dir='ltr'>flammamque</span> <span class='ocrx_word' id='word_1_62' title='bbox 1045 838 1290 893; x_wconf 87' lang='lat' dir='ltr'>undamque</span> <span class='ocrx_word' id='word_1_63' title='bbox 1310 842 1534 879; x_wconf 85' lang='lat' dir='ltr'>natantem</span> 
     </span>
     <span class='ocr_line' id='line_1_11' title="bbox 306 911 1390 967; baseline -0.001 -13"><span class='ocrx_word' id='word_1_64' title='bbox 306 918 456 954; x_wconf 85' lang='lat' dir='ltr'>mutua</span> <span class='ocrx_word' id='word_1_65' title='bbox 476 912 516 953; x_wconf 88' lang='lat' dir='ltr'>in</span> <span class='ocrx_word' id='word_1_66' title='bbox 539 913 752 954; x_wconf 87' lang='lat' dir='ltr'>alternum</span> <span class='ocrx_word' id='word_1_67' title='bbox 772 912 972 967; x_wconf 84' lang='lat' dir='ltr'>praebere</span> <span class='ocrx_word' id='word_1_68' title='bbox 992 912 1194 953; x_wconf 84' lang='lat' dir='ltr'>alimenta</span> <span class='ocrx_word' id='word_1_69' title='bbox 1214 911 1390 961; x_wconf 86' lang='lat' dir='ltr'>iuberet,</span> 
     </span>
     <span class='ocr_line' id='line_1_12' title="bbox 304 986 1285 1042; baseline -0.002 -13"><span class='ocrx_word' id='word_1_70' title='bbox 304 992 353 1029; x_wconf 93' lang='lat' dir='ltr'>ut</span> <span class='ocrx_word' id='word_1_71' title='bbox 372 992 440 1029; x_wconf 87' lang='lat' dir='ltr'>tot</span> <span class='ocrx_word' id='word_1_72' title='bbox 461 987 691 1042; x_wconf 84' lang='lat' dir='ltr'>pugnantis</span> <span class='ocrx_word' id='word_1_73' title='bbox 711 992 873 1042; x_wconf 83' lang='lat' dir='ltr'>regeret</span> <span class='ocrx_word' id='word_1_74' title='bbox 893 986 1117 1028; x_wconf 85' lang='lat' dir='ltr'>concordia</span> <span class='ocrx_word' id='word_1_75' title='bbox 1137 1000 1285 1028; x_wconf 83' lang='lat' dir='ltr'>causas</span> 
     </span>
     <span class='ocr_line' id='line_1_13' title="bbox 203 1060 1349 1117; baseline 0 -16"><span class='ocrx_word' id='word_1_76' title='bbox 203 1070 248 1101; x_wconf 86' lang='lat'>55</span> <span class='ocrx_word' id='word_1_77' title='bbox 303 1066 522 1116; x_wconf 86' lang='lat' dir='ltr'>staretque</span> <span class='ocrx_word' id='word_1_78' title='bbox 541 1061 705 1103; x_wconf 82' lang='lat' dir='ltr'>alterno</span> <span class='ocrx_word' id='word_1_79' title='bbox 725 1061 924 1117; x_wconf 86' lang='lat' dir='ltr'>religatus</span> <span class='ocrx_word' id='word_1_80' title='bbox 943 1061 1110 1102; x_wconf 84' lang='lat' dir='ltr'>foedere</span> <span class='ocrx_word' id='word_1_81' title='bbox 1131 1060 1349 1113; x_wconf 86' lang='lat' dir='ltr'>mundus),</span> 
     </span>
     <span class='ocr_line' id='line_1_14' title="bbox 306 1135 1353 1191; baseline -0.002 -14"><span class='ocrx_word' id='word_1_82' title='bbox 306 1141 534 1191; x_wconf 81' lang='lat' dir='ltr'>exceptum</span> <span class='ocrx_word' id='word_1_83' title='bbox 553 1150 577 1177; x_wconf 89' lang='lat' dir='ltr'>a</span> <span class='ocrx_word' id='word_1_84' title='bbox 597 1150 762 1177; x_wconf 85' lang='lat' dir='ltr'>summa</span> <span class='ocrx_word' id='word_1_85' title='bbox 785 1151 837 1177; x_wconf 90' lang='lat' dir='ltr'>ne</span> <span class='ocrx_word' id='word_1_86' title='bbox 859 1136 960 1191; x_wconf 91' lang='lat' dir='ltr'>quid</span> <span class='ocrx_word' id='word_1_87' title='bbox 980 1135 1143 1177; x_wconf 87' lang='lat' dir='ltr'>ratione</span> <span class='ocrx_word' id='word_1_88' title='bbox 1164 1139 1353 1176; x_wconf 88' lang='lat' dir='ltr'>maneret</span> 
     </span>
     <span class='ocr_line' id='line_1_15' title="bbox 306 1208 1375 1265; baseline -0.001 -14"><span class='ocrx_word' id='word_1_89' title='bbox 306 1215 349 1252; x_wconf 88' lang='lat' dir='ltr'>et</span> <span class='ocrx_word' id='word_1_90' title='bbox 370 1209 484 1265; x_wconf 90' lang='lat' dir='ltr'>quod</span> <span class='ocrx_word' id='word_1_91' title='bbox 505 1215 597 1251; x_wconf 85' lang='lat' dir='ltr'>erat</span> <span class='ocrx_word' id='word_1_92' title='bbox 617 1210 765 1251; x_wconf 90' lang='lat' dir='ltr'>mundi</span> <span class='ocrx_word' id='word_1_93' title='bbox 786 1210 946 1251; x_wconf 92' lang='lat' dir='ltr'>mundo</span> <span class='ocrx_word' id='word_1_94' title='bbox 965 1214 1177 1265; x_wconf 82' lang='lat' dir='ltr'>regeretur</span> <span class='ocrx_word' id='word_1_95' title='bbox 1197 1209 1251 1250; x_wconf 86' lang='lat' dir='ltr'>ab</span> <span class='ocrx_word' id='word_1_96' title='bbox 1271 1208 1375 1264; x_wconf 86' lang='lat' dir='ltr'>ipso,</span> 
     </span>
     <span class='ocr_line' id='line_1_16' title="bbox 305 1282 1495 1340; baseline -0.003 -14"><span class='ocrx_word' id='word_1_97' title='bbox 305 1284 397 1327; x_wconf 86' lang='lat' dir='ltr'>fata</span> <span class='ocrx_word' id='word_1_98' title='bbox 418 1299 588 1340; x_wconf 91' lang='lat' dir='ltr'>quoque</span> <span class='ocrx_word' id='word_1_99' title='bbox 608 1290 650 1326; x_wconf 91' lang='lat' dir='ltr'>et</span> <span class='ocrx_word' id='word_1_100' title='bbox 670 1284 783 1326; x_wconf 88' lang='lat' dir='ltr'>uitas</span> <span class='ocrx_word' id='word_1_101' title='bbox 803 1284 1025 1326; x_wconf 73' lang='lat' dir='ltr'>hominum</span> <span class='ocrx_word' id='word_1_102' title='bbox 1043 1283 1264 1339; x_wconf 73' lang='lat' dir='ltr'>suspendit</span> <span class='ocrx_word' id='word_1_103' title='bbox 1283 1283 1338 1324; x_wconf 87' lang='lat' dir='ltr'>ab</span> <span class='ocrx_word' id='word_1_104' title='bbox 1358 1282 1495 1332; x_wconf 84' lang='lat' dir='ltr'>astris,</span> 
     </span>
     <span class='ocr_line' id='line_1_17' title="bbox 305 1357 1483 1415; baseline -0.003 -14"><span class='ocrx_word' id='word_1_105' title='bbox 305 1374 414 1415; x_wconf 91' lang='lat' dir='ltr'>quae</span> <span class='ocrx_word' id='word_1_106' title='bbox 432 1374 619 1401; x_wconf 82' lang='lat' dir='ltr'>summas</span> <span class='ocrx_word' id='word_1_107' title='bbox 640 1374 815 1414; x_wconf 87' lang='lat' dir='ltr'>operum</span> <span class='ocrx_word' id='word_1_108' title='bbox 834 1365 992 1414; x_wconf 86' lang='lat' dir='ltr'>partes,</span> <span class='ocrx_word' id='word_1_109' title='bbox 1015 1373 1124 1414; x_wconf 83' lang='lat' dir='ltr'>quae</span> <span class='ocrx_word' id='word_1_110' title='bbox 1143 1357 1247 1399; x_wconf 88' lang='lat' dir='ltr'>lucis</span> <span class='ocrx_word' id='word_1_111' title='bbox 1268 1357 1483 1406; x_wconf 85' lang='lat' dir='ltr'>honorem,</span> 
     </span>
     <span class='ocr_line' id='line_1_18' title="bbox 203 1431 1596 1489; baseline 0 -16"><span class='ocrx_word' id='word_1_112' title='bbox 203 1441 248 1474; x_wconf 88' lang='grc'>60</span> <span class='ocrx_word' id='word_1_113' title='bbox 305 1449 414 1489; x_wconf 89' lang='lat' dir='ltr'>quae</span> <span class='ocrx_word' id='word_1_114' title='bbox 433 1434 595 1475; x_wconf 84' lang='lat' dir='ltr'>famam</span> <span class='ocrx_word' id='word_1_115' title='bbox 615 1434 869 1484; x_wconf 83' lang='lat' dir='ltr'>adsererent,</span> <span class='ocrx_word' id='word_1_116' title='bbox 892 1448 1001 1489; x_wconf 86' lang='lat' dir='ltr'>quae</span> <span class='ocrx_word' id='word_1_117' title='bbox 1021 1447 1241 1488; x_wconf 89' lang='lat' dir='ltr'>nunquam</span> <span class='ocrx_word' id='word_1_118' title='bbox 1261 1432 1371 1474; x_wconf 84' lang='lat' dir='ltr'>fessa</span> <span class='ocrx_word' id='word_1_119' title='bbox 1390 1431 1596 1473; x_wconf 89' lang='lat' dir='ltr'>uolarent.</span> 
     </span>
    </p>
   </div>
   <div class='ocr_carea' id='block_1_5' title="bbox 118 1535 1676 2919">
    <p class='ocr_par' dir='ltr' id='par_1_5' title="bbox 125 1535 1673 1782">
     <span class='ocr_line' id='line_1_19' title="bbox 125 1535 1673 1575; baseline -0.002 -5"><span class='ocrx_word' id='word_1_120' title='bbox 125 1539 323 1570; x_wconf 82' lang='lat' dir='ltr'>mutatione</span> <span class='ocrx_word' id='word_1_121' title='bbox 344 1538 524 1570; x_wconf 84' lang='lat' dir='ltr'>uindicaui</span> <span class='ocrx_word' id='word_1_122' title='bbox 541 1538 585 1569; x_wconf 85' lang='lat' dir='ltr'>ad</span> <span class='ocrx_word' id='word_1_123' title='bbox 603 1547 632 1569; x_wconf 94' lang='lat'>11</span> <span class='ocrx_word' id='word_1_124' title='bbox 649 1538 712 1570; x_wconf 84' lang='lat'>693</span> <span class='ocrx_word' id='word_1_125' title='bbox 799 1537 843 1568; x_wconf 87' lang='grc'>44</span> <span class='ocrx_word' id='word_1_126' title='bbox 863 1540 1045 1570; x_wconf 82' lang='lat' dir='ltr'>ministret</span> <span class='ocrx_word' id='word_1_127' title='bbox 1067 1536 1167 1569; x_wconf 83' lang='lat' dir='ltr'>codd.</span> <span class='ocrx_word' id='word_1_128' title='bbox 1187 1536 1280 1568; x_wconf 87' lang='lat' dir='ltr'>Flor.</span> <span class='ocrx_word' id='word_1_129' title='bbox 1302 1539 1339 1568; x_wconf 88' lang='lat' dir='ltr'>et</span> <span class='ocrx_word' id='word_1_130' title='bbox 1354 1535 1469 1575; x_wconf 67' lang='lat' dir='ltr'>Bodl„</span> <span class='ocrx_word' id='word_1_131' title='bbox 1489 1537 1673 1567; x_wconf 75' lang='lat' dir='ltr'>ministrat.</span> 
     </span>
     <span class='ocr_line' id='line_1_20' title="bbox 127 1586 1670 1629; baseline -0.003 -7"><span class='ocrx_word' id='word_1_132' title='bbox 127 1593 213 1622; x_wconf 64' lang='grc' dir='ltr'>ΘΒΜ</span> <span class='ocrx_word' id='word_1_133' title='bbox 299 1589 341 1621; x_wconf 87' lang='grc'>45</span> <span class='ocrx_word' id='word_1_134' title='bbox 366 1593 426 1622; x_wconf 85' lang='lat' dir='ltr'>det</span> <span class='ocrx_word' id='word_1_135' title='bbox 448 1593 482 1628; x_wconf 89' lang='lat' dir='ltr'>L,</span> <span class='ocrx_word' id='word_1_136' title='bbox 507 1592 570 1622; x_wconf 77' lang='lat' dir='ltr'>dat</span> <span class='ocrx_word' id='word_1_137' title='bbox 593 1593 665 1628; x_wconf 85' lang='lat' dir='ltr'>GM,</span> <span class='ocrx_word' id='word_1_138' title='bbox 689 1589 770 1622; x_wconf 83' lang='lat' dir='ltr'>uide</span> <span class='ocrx_word' id='word_1_139' title='bbox 795 1589 839 1621; x_wconf 86' lang='lat' dir='ltr'>ad</span> <span class='ocrx_word' id='word_1_140' title='bbox 864 1599 892 1621; x_wconf 88' lang='lat'>11</span> <span class='ocrx_word' id='word_1_141' title='bbox 916 1590 981 1622; x_wconf 84' lang='lat'>900</span> <span class='ocrx_word' id='word_1_142' title='bbox 1066 1588 1109 1620; x_wconf 84' lang='lat'>47</span> <span class='ocrx_word' id='word_1_143' title='bbox 1132 1591 1306 1620; x_wconf 78' lang='lat' dir='ltr'>late-ntum</span> <span class='ocrx_word' id='word_1_144' title='bbox 1331 1598 1394 1629; x_wconf 90' lang='lat' dir='ltr'>pro</span> <span class='ocrx_word' id='word_1_145' title='bbox 1417 1597 1491 1619; x_wconf 88' lang='lat' dir='ltr'>uar.</span> <span class='ocrx_word' id='word_1_146' title='bbox 1512 1597 1576 1618; x_wconf 86' lang='lat' dir='ltr'>scr.</span> <span class='ocrx_word' id='word_1_147' title='bbox 1595 1586 1670 1625; x_wconf 55' lang='grc' dir='ltr'>(ΗΡ,</span> 
     </span>
     <span class='ocr_line' id='line_1_21' title="bbox 126 1638 1668 1683; baseline -0.002 -9"><span class='ocrx_word' id='word_1_148' title='bbox 126 1644 301 1674; x_wconf 77' lang='lat' dir='ltr'>latentem</span> <span class='ocrx_word' id='word_1_149' title='bbox 332 1644 416 1673; x_wconf 65' lang='grc' dir='ltr'>ΘΒΜ</span> <span class='ocrx_word' id='word_1_150' title='bbox 505 1641 591 1673; x_wconf 85' lang='lat' dir='ltr'>ordo</span> <span class='ocrx_word' id='word_1_151' title='bbox 622 1645 676 1673; x_wconf 88' lang='lat' dir='ltr'>est</span> <span class='ocrx_word' id='word_1_152' title='bbox 708 1646 848 1680; x_wconf 75' lang='lat' dir='ltr'>natura,</span> <span class='ocrx_word' id='word_1_153' title='bbox 888 1640 1101 1683; x_wconf 69' lang='lat' dir='ltr'>principium</span> <span class='ocrx_word' id='word_1_154' title='bbox 1133 1645 1162 1672; x_wconf 75' lang='lat' dir='ltr'>et</span> <span class='ocrx_word' id='word_1_155' title='bbox 1197 1645 1304 1672; x_wconf 77' lang='lat' dir='ltr'>custos</span> <span class='ocrx_word' id='word_1_156' title='bbox 1333 1649 1450 1671; x_wconf 76' lang='lat' dir='ltr'>rerum</span> <span class='ocrx_word' id='word_1_157' title='bbox 1479 1638 1668 1671; x_wconf 68' lang='lat' dir='ltr'>latemium.</span> 
     </span>
     <span class='ocr_line' id='line_1_22' title="bbox 127 1689 1672 1734; baseline -0.001 -9"><span class='ocrx_word' id='word_1_158' title='bbox 127 1698 235 1726; x_wconf 76' lang='lat' dir='ltr'>custos</span> <span class='ocrx_word' id='word_1_159' title='bbox 263 1696 304 1725; x_wconf 88' lang='lat' dir='ltr'>ut</span> <span class='ocrx_word' id='word_1_160' title='bbox 332 1693 419 1725; x_wconf 85' lang='lat' dir='ltr'>Hor.</span> <span class='ocrx_word' id='word_1_161' title='bbox 452 1703 556 1724; x_wconf 83' lang='lat' dir='ltr'>carm.</span> <span class='ocrx_word' id='word_1_162' title='bbox 588 1701 602 1724; x_wconf 91' lang='lat'>1</span> <span class='ocrx_word' id='word_1_163' title='bbox 630 1693 669 1724; x_wconf 79' lang='lat'>12</span> <span class='ocrx_word' id='word_1_164' title='bbox 695 1694 738 1725; x_wconf 84' lang='lat'>49</span> <span class='ocrx_word' id='word_1_165' title='bbox 763 1693 869 1733; x_wconf 66' lang='lat' dir='ltr'>yemis</span> <span class='ocrx_word' id='word_1_166' title='bbox 897 1693 1067 1725; x_wconf 77' lang='lat' dir='ltr'>humanae</span> <span class='ocrx_word' id='word_1_167' title='bbox 1095 1697 1197 1734; x_wconf 75' lang='lat' dir='ltr'>pater</span> <span class='ocrx_word' id='word_1_168' title='bbox 1223 1696 1324 1732; x_wconf 75' lang='lat' dir='ltr'>atqve</span> <span class='ocrx_word' id='word_1_169' title='bbox 1350 1695 1468 1729; x_wconf 73' lang='lat' dir='ltr'>custos,</span> <span class='ocrx_word' id='word_1_170' title='bbox 1496 1699 1536 1722; x_wconf 86' lang='lat' dir='ltr'>lv</span> <span class='ocrx_word' id='word_1_171' title='bbox 1564 1691 1603 1722; x_wconf 85' lang='lat'>15</span> <span class='ocrx_word' id='word_1_172' title='bbox 1632 1689 1672 1724; x_wconf 75' lang='lat'>17</span> 
     </span>
     <span class='ocr_line' id='line_1_23' title="bbox 127 1741 1586 1782; baseline -0.003 -5"><span class='ocrx_word' id='word_1_173' title='bbox 127 1746 260 1778; x_wconf 74' lang='lat' dir='ltr'>custode</span> <span class='ocrx_word' id='word_1_174' title='bbox 283 1755 398 1776; x_wconf 82' lang='lat' dir='ltr'>rerum</span> <span class='ocrx_word' id='word_1_175' title='bbox 424 1744 572 1778; x_wconf 77' lang='lat' dir='ltr'>Caesare</span> <span class='ocrx_word' id='word_1_176' title='bbox 659 1744 766 1775; x_wconf 84' lang='lat'>48-55</span> <span class='ocrx_word' id='word_1_177' title='bbox 791 1744 873 1776; x_wconf 89' lang='lat' dir='ltr'>uide</span> <span class='ocrx_word' id='word_1_178' title='bbox 895 1754 907 1776; x_wconf 84' lang='lat'>1</span> <span class='ocrx_word' id='word_1_179' title='bbox 931 1746 1073 1782; x_wconf 71' lang='grc'><strong>247-54,</strong></span> <span class='ocrx_word' id='word_1_180' title='bbox 1092 1753 1131 1775; x_wconf 83' lang='lat' dir='ltr'>1v</span> <span class='ocrx_word' id='word_1_181' title='bbox 1153 1743 1293 1782; x_wconf 77' lang='grc'><strong>888-90,</strong></span> <span class='ocrx_word' id='word_1_182' title='bbox 1313 1742 1384 1775; x_wconf 84' lang='lat' dir='ltr'>Cic.</span> <span class='ocrx_word' id='word_1_183' title='bbox 1404 1741 1477 1774; x_wconf 87' lang='lat' dir='ltr'>n.d.</span> <span class='ocrx_word' id='word_1_184' title='bbox 1498 1750 1527 1773; x_wconf 93' lang='lat'>11</span> <span class='ocrx_word' id='word_1_185' title='bbox 1543 1743 1586 1774; x_wconf 86' lang='lat'>84</span> 
     </span>
    </p>

    <p class='ocr_par' dir='ltr' id='par_1_6' title="bbox 118 1793 1676 2919">
     <span class='ocr_line' id='line_1_24' title="bbox 171 1793 1674 1835; baseline -0.002 -8"><span class='ocrx_word' id='word_1_186' title='bbox 171 1795 213 1827; x_wconf 84' lang='lat'>52</span> <span class='ocrx_word' id='word_1_187' title='bbox 236 1799 483 1834; x_wconf 80' lang='lat' dir='ltr'>flammamque</span> <span class='ocrx_word' id='word_1_188' title='bbox 505 1796 587 1834; x_wconf 75' lang='lat' dir='ltr'><strong>L2M‚</strong></span> <span class='ocrx_word' id='word_1_189' title='bbox 606 1799 784 1828; x_wconf 80' lang='lat' dir='ltr'>flammam</span> <span class='ocrx_word' id='word_1_190' title='bbox 806 1799 866 1835; x_wconf 86' lang='lat' dir='ltr'>GL,</span> <span class='ocrx_word' id='word_1_191' title='bbox 885 1799 1117 1832; x_wconf 83' lang='lat' dir='ltr'>flammasque</span> <span class='ocrx_word' id='word_1_192' title='bbox 1136 1794 1211 1827; x_wconf 85' lang='lat' dir='ltr'>cod.</span> <span class='ocrx_word' id='word_1_193' title='bbox 1231 1794 1391 1825; x_wconf 80' lang='lat' dir='ltr'>Venetus</span> <span class='ocrx_word' id='word_1_194' title='bbox 1477 1793 1674 1835; x_wconf 80' lang='lat' dir='ltr'>undamque</span> 
     </span>
     <span class='ocr_line' id='line_1_25' title="bbox 128 1844 1675 1889; baseline -0.003 -9"><span class='ocrx_word' id='word_1_195' title='bbox 128 1852 316 1886; x_wconf 74' lang='lat' dir='ltr'>natantem,</span> <span class='ocrx_word' id='word_1_196' title='bbox 336 1856 349 1879; x_wconf 93' lang='lat'>1</span> <span class='ocrx_word' id='word_1_197' title='bbox 368 1849 429 1880; x_wconf 88' lang='lat'>155</span> <span class='ocrx_word' id='word_1_198' title='bbox 445 1848 636 1889; x_wconf 71' lang='lat' dir='ltr'>fluctusque</span> <span class='ocrx_word' id='word_1_199' title='bbox 659 1847 813 1879; x_wconf 72' lang='lat' dir='ltr'>natantis</span> <span class='ocrx_word' id='word_1_200' title='bbox 901 1847 941 1878; x_wconf 85' lang='lat'>55</span> <span class='ocrx_word' id='word_1_201' title='bbox 966 1852 1101 1879; x_wconf 65' lang='lat' dir='ltr'>aeterno</span> <span class='ocrx_word' id='word_1_202' title='bbox 1125 1846 1306 1878; x_wconf 84' lang='lat' dir='ltr'>Bentleius</span> <span class='ocrx_word' id='word_1_203' title='bbox 1330 1844 1373 1877; x_wconf 92' lang='lat' dir='ltr'>ob</span> <span class='ocrx_word' id='word_1_204' title='bbox 1397 1845 1566 1877; x_wconf 79' lang='lat' dir='ltr'>alternum</span> <span class='ocrx_word' id='word_1_205' title='bbox 1589 1850 1675 1876; x_wconf 82' lang='lat' dir='ltr'>ante</span> 
     </span>
     <span class='ocr_line' id='line_1_26' title="bbox 128 1896 1672 1940; baseline -0.002 -9"><span class='ocrx_word' id='word_1_206' title='bbox 128 1899 217 1931; x_wconf 85' lang='lat' dir='ltr'>duos</span> <span class='ocrx_word' id='word_1_207' title='bbox 241 1909 364 1931; x_wconf 88' lang='lat' dir='ltr'>uersus</span> <span class='ocrx_word' id='word_1_208' title='bbox 388 1899 552 1940; x_wconf 84' lang='lat' dir='ltr'>positum,</span> <span class='ocrx_word' id='word_1_209' title='bbox 573 1899 629 1930; x_wconf 88' lang='lat' dir='ltr'>cui</span> <span class='ocrx_word' id='word_1_210' title='bbox 651 1900 872 1931; x_wconf 82' lang='lat' dir='ltr'>coniecturae</span> <span class='ocrx_word' id='word_1_211' title='bbox 896 1899 1046 1940; x_wconf 88' lang='lat' dir='ltr'>speciem</span> <span class='ocrx_word' id='word_1_212' title='bbox 1071 1898 1224 1940; x_wconf 83' lang='lat' dir='ltr'>aliquam</span> <span class='ocrx_word' id='word_1_213' title='bbox 1242 1896 1408 1929; x_wconf 81' lang='lat' dir='ltr'>conciliat</span> <span class='ocrx_word' id='word_1_214' title='bbox 1429 1897 1535 1928; x_wconf 85' lang='lat' dir='ltr'>Aetn.</span> <span class='ocrx_word' id='word_1_215' title='bbox 1555 1897 1620 1929; x_wconf 87' lang='grc'>230</span> <span class='ocrx_word' id='word_1_216' title='bbox 1642 1901 1672 1929; x_wconf 74' lang='lat' dir='ltr'>et</span> 
     </span>
     <span class='ocr_line' id='line_1_27' title="bbox 118 1947 1674 1992; baseline -0.001 -10"><span class='ocrx_word' id='word_1_217' title='bbox 118 1950 232 1992; x_wconf 73' lang='lat' dir='ltr'>firma</span> <span class='ocrx_word' id='word_1_218' title='bbox 248 1955 383 1982; x_wconf 77' lang='lat' dir='ltr'>aeterno</span> <span class='ocrx_word' id='word_1_219' title='bbox 400 1950 546 1991; x_wconf 71' lang='lat' dir='ltr'>⁷·eliyata</span> <span class='ocrx_word' id='word_1_220' title='bbox 563 1955 608 1982; x_wconf 73' lang='lat' dir='ltr'>esc</span> <span class='ocrx_word' id='word_1_221' title='bbox 624 1950 785 1982; x_wconf 78' lang='lat' dir='ltr'>machina</span> <span class='ocrx_word' id='word_1_222' title='bbox 801 1950 912 1982; x_wconf 81' lang='lat' dir='ltr'>uinelo</span> <span class='ocrx_word' id='word_1_223' title='bbox 927 1962 935 1988; x_wconf 87' lang='grc'><strong>;</strong></span> <span class='ocrx_word' id='word_1_224' title='bbox 959 1950 1020 1982; x_wconf 84' lang='lat' dir='ltr'>sed</span> <span class='ocrx_word' id='word_1_225' title='bbox 1036 1950 1166 1981; x_wconf 75' lang='lat' dir='ltr'>alterno</span> <span class='ocrx_word' id='word_1_226' title='bbox 1186 1949 1273 1981; x_wconf 85' lang='lat' dir='ltr'>satis</span> <span class='ocrx_word' id='word_1_227' title='bbox 1289 1947 1381 1980; x_wconf 85' lang='lat' dir='ltr'>tueri</span> <span class='ocrx_word' id='word_1_228' title='bbox 1396 1947 1564 1980; x_wconf 85' lang='lat' dir='ltr'>uidentur</span> <span class='ocrx_word' id='word_1_229' title='bbox 1578 1956 1593 1981; x_wconf 92' lang='lat'>1</span> <span class='ocrx_word' id='word_1_230' title='bbox 1607 1948 1674 1980; x_wconf 84' lang='lat'>252</span> 
     </span>
     <span class='ocr_line' id='line_1_28' title="bbox 129 1999 1674 2044; baseline -0.001 -10"><span class='ocrx_word' id='word_1_231' title='bbox 129 2007 275 2035; x_wconf 77' lang='lat' dir='ltr'>mutua.</span> <span class='ocrx_word' id='word_1_232' title='bbox 295 2027 303 2034; x_wconf 87' lang='lat'><strong>.</strong></span> <span class='ocrx_word' id='word_1_233' title='bbox 324 2027 332 2034; x_wconf 91' lang='lat'>.</span> <span class='ocrx_word' id='word_1_234' title='bbox 351 2002 511 2044; x_wconf 80' lang='lat' dir='ltr'>foedera,</span> <span class='ocrx_word' id='word_1_235' title='bbox 542 2011 571 2034; x_wconf 90' lang='lat'>11</span> <span class='ocrx_word' id='word_1_236' title='bbox 599 2002 641 2034; x_wconf 76' lang='lat'>62</span> <span class='ocrx_word' id='word_1_237' title='bbox 671 2013 721 2044; x_wconf 86' lang='lat' dir='ltr'>sq.</span> <span class='ocrx_word' id='word_1_238' title='bbox 754 2002 885 2041; x_wconf 87' lang='lat' dir='ltr'>(deum)</span> <span class='ocrx_word' id='word_1_239' title='bbox 917 2002 1082 2043; x_wconf 75' lang='lat' dir='ltr'>iuyentem</span> <span class='ocrx_word' id='word_1_240' title='bbox 1112 2000 1252 2042; x_wconf 85' lang='lat' dir='ltr'>aequali</span> <span class='ocrx_word' id='word_1_241' title='bbox 1280 2000 1510 2032; x_wconf 78' lang='lat' dir='ltr'>moderantem</span> <span class='ocrx_word' id='word_1_242' title='bbox 1529 1999 1674 2040; x_wconf 80' lang='lat' dir='ltr'>foedere</span> 
     </span>
     <span class='ocr_line' id='line_1_29' title="bbox 126 2050 1674 2095; baseline -0.002 -9"><span class='ocrx_word' id='word_1_243' title='bbox 126 2054 247 2086; x_wconf 85' lang='lat' dir='ltr'>molem</span> <span class='ocrx_word' id='word_1_244' title='bbox 266 2055 271 2094; x_wconf 78' lang='lat' dir='ltr'>l</span> <span class='ocrx_word' id='word_1_245' title='bbox 293 2059 463 2095; x_wconf 75' lang='lat' dir='ltr'>totumque</span> <span class='ocrx_word' id='word_1_246' title='bbox 486 2054 618 2085; x_wconf 74' lang='lat' dir='ltr'>alterno</span> <span class='ocrx_word' id='word_1_247' title='bbox 637 2064 798 2086; x_wconf 63' lang='lat' dir='ltr'>con-&#39;sensu</span> <span class='ocrx_word' id='word_1_248' title='bbox 819 2053 935 2086; x_wconf 78' lang='lat' dir='ltr'>uiuere</span> <span class='ocrx_word' id='word_1_249' title='bbox 956 2054 1121 2085; x_wconf 75' lang='lat' dir='ltr'>mundum</span> <span class='ocrx_word' id='word_1_250' title='bbox 1210 2051 1251 2083; x_wconf 83' lang='lat'>56</span> <span class='ocrx_word' id='word_1_251' title='bbox 1267 2060 1405 2084; x_wconf 83' lang='lat' dir='ltr'>summa</span> <span class='ocrx_word' id='word_1_252' title='bbox 1420 2050 1496 2084; x_wconf 87' lang='lat' dir='ltr'>cod.</span> <span class='ocrx_word' id='word_1_253' title='bbox 1516 2050 1617 2083; x_wconf 90' lang='lat' dir='ltr'>Bodl.</span> <span class='ocrx_word' id='word_1_254' title='bbox 1636 2054 1674 2084; x_wconf 79' lang='lat' dir='ltr'>et</span> 
     </span>
     <span class='ocr_line' id='line_1_30' title="bbox 128 2102 1673 2147; baseline -0.003 -9"><span class='ocrx_word' id='word_1_255' title='bbox 128 2105 279 2138; x_wconf 80' lang='lat' dir='ltr'>fortasse</span> <span class='ocrx_word' id='word_1_256' title='bbox 306 2105 380 2145; x_wconf 84' lang='lat' dir='ltr'>alii,</span> <span class='ocrx_word' id='word_1_257' title='bbox 411 2115 546 2137; x_wconf 79' lang='lat' dir='ltr'>summo</span> <span class='ocrx_word' id='word_1_258' title='bbox 574 2109 670 2144; x_wconf 76' lang='lat' dir='ltr'>GLM,</span> <span class='ocrx_word' id='word_1_259' title='bbox 700 2106 862 2147; x_wconf 81' lang='lat' dir='ltr'>quamuis</span> <span class='ocrx_word' id='word_1_260' title='bbox 893 2105 929 2137; x_wconf 90' lang='lat' dir='ltr'>id</span> <span class='ocrx_word' id='word_1_261' title='bbox 960 2105 1068 2137; x_wconf 89' lang='lat' dir='ltr'>ceteri</span> <span class='ocrx_word' id='word_1_262' title='bbox 1096 2103 1318 2136; x_wconf 85' lang='lat' dir='ltr'>dissimulent</span> <span class='ocrx_word' id='word_1_263' title='bbox 1345 2102 1512 2142; x_wconf 78' lang='lat' dir='ltr'>editores,</span> <span class='ocrx_word' id='word_1_264' title='bbox 1541 2102 1673 2135; x_wconf 85' lang='lat' dir='ltr'>diserte</span> 
     </span>
     <span class='ocr_line' id='line_1_31' title="bbox 126 2156 1676 2199; baseline -0.001 -10"><span class='ocrx_word' id='word_1_265' title='bbox 126 2160 232 2199; x_wconf 86' lang='lat' dir='ltr'>neget</span> <span class='ocrx_word' id='word_1_266' title='bbox 244 2157 434 2189; x_wconf 79' lang='lat' dir='ltr'>Breiterus.</span> <span class='ocrx_word' id='word_1_267' title='bbox 484 2168 628 2195; x_wconf 79' lang='lat' dir='ltr'>smnma,</span> <span class='ocrx_word' id='word_1_268' title='bbox 645 2157 799 2198; x_wconf 85' lang='lat' dir='ltr'>generali</span> <span class='ocrx_word' id='word_1_269' title='bbox 882 2157 1019 2188; x_wconf 79' lang='lat' dir='ltr'>haecne</span> <span class='ocrx_word' id='word_1_270' title='bbox 1037 2181 1043 2188; x_wconf 91' lang='lat'><strong>.</strong></span> <span class='ocrx_word' id='word_1_271' title='bbox 1065 2181 1073 2188; x_wconf 90' lang='lat'>.</span> <span class='ocrx_word' id='word_1_272' title='bbox 1094 2181 1101 2188; x_wconf 93' lang='lat'><em>.</em></span> <span class='ocrx_word' id='word_1_273' title='bbox 1121 2160 1271 2188; x_wconf 74' lang='lat' dir='ltr'>maneret</span> <span class='ocrx_word' id='word_1_274' title='bbox 1288 2160 1317 2187; x_wconf 75' lang='lat' dir='ltr'>et</span> <span class='ocrx_word' id='word_1_275' title='bbox 1333 2179 1341 2187; x_wconf 91' lang='lat'><strong>.</strong></span> <span class='ocrx_word' id='word_1_276' title='bbox 1362 2179 1370 2187; x_wconf 92' lang='lat'>.</span> <span class='ocrx_word' id='word_1_277' title='bbox 1391 2179 1399 2187; x_wconf 90' lang='lat'><strong><em>.</em></strong></span> <span class='ocrx_word' id='word_1_278' title='bbox 1420 2156 1488 2194; x_wconf 88' lang='lat' dir='ltr'>(ut)</span> <span class='ocrx_word' id='word_1_279' title='bbox 1499 2159 1676 2195; x_wconf 64' lang='grc' dir='ltr'>τερατείαν</span> 
     </span>
     <span class='ocr_line' id='line_1_32' title="bbox 126 2207 1666 2251; baseline -0.001 -11"><span class='ocrx_word' id='word_1_280' title='bbox 126 2219 207 2248; x_wconf 88' lang='lat' dir='ltr'>non,</span> <span class='ocrx_word' id='word_1_281' title='bbox 242 2209 333 2241; x_wconf 81' lang='lat' dir='ltr'>sicut</span> <span class='ocrx_word' id='word_1_282' title='bbox 364 2210 406 2241; x_wconf 89' lang='lat'>54</span> <span class='ocrx_word' id='word_1_283' title='bbox 436 2219 486 2251; x_wconf 85' lang='lat' dir='ltr'>sq.</span> <span class='ocrx_word' id='word_1_284' title='bbox 521 2213 558 2240; x_wconf 74' lang='lat' dir='ltr'>uc</span> <span class='ocrx_word' id='word_1_285' title='bbox 578 2234 583 2241; x_wconf 97' lang='lat'>.</span> <span class='ocrx_word' id='word_1_286' title='bbox 604 2233 612 2241; x_wconf 83' lang='lat'><strong><em>.</em></strong></span> <span class='ocrx_word' id='word_1_287' title='bbox 633 2233 640 2241; x_wconf 92' lang='lat'><strong><em>.</em></strong></span> <span class='ocrx_word' id='word_1_288' title='bbox 661 2214 789 2249; x_wconf 75' lang='lat' dir='ltr'>reyeret</span> <span class='ocrx_word' id='word_1_289' title='bbox 807 2233 814 2240; x_wconf 93' lang='lat'><em>.</em></span> <span class='ocrx_word' id='word_1_290' title='bbox 836 2233 843 2241; x_wconf 93' lang='lat'><strong><em>.</em></strong></span> <span class='ocrx_word' id='word_1_291' title='bbox 865 2233 872 2240; x_wconf 91' lang='lat'><strong>.</strong></span> <span class='ocrx_word' id='word_1_292' title='bbox 893 2213 1073 2249; x_wconf 81' lang='lat' dir='ltr'>staretque,</span> <span class='ocrx_word' id='word_1_293' title='bbox 1107 2219 1127 2239; x_wconf 86' lang='lat' dir='ltr'>a</span> <span class='ocrx_word' id='word_1_294' title='bbox 1161 2218 1266 2239; x_wconf 86' lang='lat' dir='ltr'>uersu</span> <span class='ocrx_word' id='word_1_295' title='bbox 1296 2207 1338 2239; x_wconf 90' lang='lat'>53</span> <span class='ocrx_word' id='word_1_296' title='bbox 1371 2216 1540 2248; x_wconf 85' lang='lat' dir='ltr'>suspensa.</span> <span class='ocrx_word' id='word_1_297' title='bbox 1572 2210 1666 2244; x_wconf 83' lang='lat' dir='ltr'>sunt.</span> 
     </span>
     <span class='ocr_line' id='line_1_33' title="bbox 127 2257 1670 2302; baseline -0.002 -10"><span class='ocrx_word' id='word_1_298' title='bbox 127 2271 250 2292; x_wconf 86' lang='lat' dir='ltr'>uerum</span> <span class='ocrx_word' id='word_1_299' title='bbox 276 2271 297 2292; x_wconf 85' lang='lat' dir='ltr'>a</span> <span class='ocrx_word' id='word_1_300' title='bbox 321 2271 425 2292; x_wconf 87' lang='lat' dir='ltr'>uersu</span> <span class='ocrx_word' id='word_1_301' title='bbox 450 2262 515 2299; x_wconf 85' lang='lat'>58;</span> <span class='ocrx_word' id='word_1_302' title='bbox 550 2260 587 2292; x_wconf 90' lang='lat' dir='ltr'>id</span> <span class='ocrx_word' id='word_1_303' title='bbox 612 2260 706 2302; x_wconf 90' lang='lat' dir='ltr'>quod</span> <span class='ocrx_word' id='word_1_304' title='bbox 734 2261 850 2302; x_wconf 84' lang='lat' dir='ltr'>Fayus</span> <span class='ocrx_word' id='word_1_305' title='bbox 877 2264 913 2292; x_wconf 86' lang='lat' dir='ltr'>et</span> <span class='ocrx_word' id='word_1_306' title='bbox 940 2260 1133 2302; x_wconf 85' lang='lat' dir='ltr'>Pingraeus</span> <span class='ocrx_word' id='word_1_307' title='bbox 1160 2258 1395 2296; x_wconf 81' lang='lat' dir='ltr'>enarratione,</span> <span class='ocrx_word' id='word_1_308' title='bbox 1425 2257 1533 2290; x_wconf 85' lang='lat' dir='ltr'>ceteri</span> <span class='ocrx_word' id='word_1_309' title='bbox 1563 2258 1670 2290; x_wconf 87' lang='lat' dir='ltr'>inter·</span> 
     </span>
     <span class='ocr_line' id='line_1_34' title="bbox 127 2309 1674 2354; baseline -0.001 -10"><span class='ocrx_word' id='word_1_310' title='bbox 127 2312 329 2354; x_wconf 81' lang='lat' dir='ltr'>punctione,</span> <span class='ocrx_word' id='word_1_311' title='bbox 349 2323 385 2344; x_wconf 87' lang='lat' dir='ltr'>se</span> <span class='ocrx_word' id='word_1_312' title='bbox 401 2323 469 2344; x_wconf 88' lang='lat' dir='ltr'>non</span> <span class='ocrx_word' id='word_1_313' title='bbox 487 2323 610 2354; x_wconf 83' lang='lat' dir='ltr'>capere</span> <span class='ocrx_word' id='word_1_314' title='bbox 626 2313 751 2345; x_wconf 82' lang='lat' dir='ltr'>testati</span> <span class='ocrx_word' id='word_1_315' title='bbox 767 2316 860 2345; x_wconf 90' lang='lat' dir='ltr'>sunt.</span> <span class='ocrx_word' id='word_1_316' title='bbox 910 2323 953 2344; x_wconf 89' lang='lat' dir='ltr'>ne</span> <span class='ocrx_word' id='word_1_317' title='bbox 969 2312 1057 2344; x_wconf 87' lang='lat' dir='ltr'>illud</span> <span class='ocrx_word' id='word_1_318' title='bbox 1074 2311 1216 2354; x_wconf 89' lang='lat' dir='ltr'>quidem</span> <span class='ocrx_word' id='word_1_319' title='bbox 1232 2311 1452 2343; x_wconf 85' lang='lat' dir='ltr'>intellectum</span> <span class='ocrx_word' id='word_1_320' title='bbox 1468 2312 1535 2349; x_wconf 74' lang='lat' dir='ltr'>est,</span> <span class='ocrx_word' id='word_1_321' title='bbox 1553 2309 1674 2342; x_wconf 76' lang='lat' dir='ltr'>uerbis</span> 
     </span>
     <span class='ocr_line' id='line_1_35' title="bbox 125 2362 1673 2406; baseline -0.001 -11"><span class='ocrx_word' id='word_1_322' title='bbox 125 2364 217 2405; x_wconf 79' lang='lat' dir='ltr'>quod</span> <span class='ocrx_word' id='word_1_323' title='bbox 235 2368 309 2396; x_wconf 73' lang='lat' dir='ltr'>erat</span> <span class='ocrx_word' id='word_1_324' title='bbox 330 2364 449 2396; x_wconf 80' lang='lat' dir='ltr'>muudi</span> <span class='ocrx_word' id='word_1_325' title='bbox 468 2363 659 2406; x_wconf 84' lang='lat' dir='ltr'>significari</span> <span class='ocrx_word' id='word_1_326' title='bbox 676 2364 863 2403; x_wconf 87' lang='lat' dir='ltr'>hominem,</span> <span class='ocrx_word' id='word_1_327' title='bbox 882 2363 1177 2406; x_wconf 85' lang='lat' dir='ltr'>quemadmodum</span> <span class='ocrx_word' id='word_1_328' title='bbox 1196 2362 1346 2394; x_wconf 84' lang='lat' dir='ltr'>habetur</span> <span class='ocrx_word' id='word_1_329' title='bbox 1365 2371 1405 2393; x_wconf 84' lang='lat' dir='ltr'>IV</span> <span class='ocrx_word' id='word_1_330' title='bbox 1422 2363 1486 2394; x_wconf 88' lang='lat'>884</span> <span class='ocrx_word' id='word_1_331' title='bbox 1501 2372 1551 2403; x_wconf 84' lang='lat' dir='ltr'>sq.</span> <span class='ocrx_word' id='word_1_332' title='bbox 1571 2366 1673 2403; x_wconf 77' lang='lat' dir='ltr'>capto</span> 
     </span>
     <span class='ocr_line' id='line_1_36' title="bbox 121 2412 1671 2457; baseline -0.001 -11"><span class='ocrx_word' id='word_1_333' title='bbox 121 2415 279 2457; x_wconf 77' lang='lat' dir='ltr'>potimur</span> <span class='ocrx_word' id='word_1_334' title='bbox 308 2415 437 2447; x_wconf 80' lang='lat' dir='ltr'>mundo</span> <span class='ocrx_word' id='word_1_335' title='bbox 466 2420 685 2457; x_wconf 75' lang='lat' dir='ltr'>nostrumque</span> <span class='ocrx_word' id='word_1_336' title='bbox 713 2421 891 2456; x_wconf 79' lang='lat' dir='ltr'>parentem</span> <span class='ocrx_word' id='word_1_337' title='bbox 910 2417 915 2456; x_wconf 82' lang='lat'>1</span> <span class='ocrx_word' id='word_1_338' title='bbox 932 2426 1021 2456; x_wconf 77' lang='lat' dir='ltr'>pars</span> <span class='ocrx_word' id='word_1_339' title='bbox 1050 2425 1113 2447; x_wconf 80' lang='lat' dir='ltr'>sna</span> <span class='ocrx_word' id='word_1_340' title='bbox 1139 2413 1381 2455; x_wconf 79' lang='lat' dir='ltr'>perspicimus,</span> <span class='ocrx_word' id='word_1_341' title='bbox 1410 2413 1474 2445; x_wconf 87' lang='grc'>893</span> <span class='ocrx_word' id='word_1_342' title='bbox 1504 2423 1555 2454; x_wconf 83' lang='lat' dir='ltr'>sq.</span> <span class='ocrx_word' id='word_1_343' title='bbox 1585 2412 1671 2454; x_wconf 84' lang='lat' dir='ltr'>quid</span> 
     </span>
     <span class='ocr_line' id='line_1_37' title="bbox 126 2463 1671 2508; baseline -0.002 -10"><span class='ocrx_word' id='word_1_344' title='bbox 126 2467 266 2506; x_wconf 85' lang='lat' dir='ltr'>mirum,</span> <span class='ocrx_word' id='word_1_345' title='bbox 291 2477 423 2499; x_wconf 77' lang='lat' dir='ltr'>‘noscere</span> <span class='ocrx_word' id='word_1_346' title='bbox 446 2467 613 2499; x_wconf 81' lang='lat' dir='ltr'>mundum</span> <span class='ocrx_word' id='word_1_347' title='bbox 632 2467 636 2508; x_wconf 87' lang='grc' dir='ltr'>Ι</span> <span class='ocrx_word' id='word_1_348' title='bbox 657 2467 688 2499; x_wconf 82' lang='lat' dir='ltr'>si</span> <span class='ocrx_word' id='word_1_349' title='bbox 709 2472 847 2508; x_wconf 72' lang='lat' dir='ltr'>possunt</span> <span class='ocrx_word' id='word_1_350' title='bbox 870 2467 1032 2506; x_wconf 77' lang='lat' dir='ltr'>homiues,</span> <span class='ocrx_word' id='word_1_351' title='bbox 1058 2466 1178 2507; x_wconf 80' lang='lat' dir='ltr'>quibus</span> <span class='ocrx_word' id='word_1_352' title='bbox 1201 2470 1247 2498; x_wconf 77' lang='lat' dir='ltr'>esc</span> <span class='ocrx_word' id='word_1_353' title='bbox 1274 2470 1303 2497; x_wconf 80' lang='lat' dir='ltr'>et</span> <span class='ocrx_word' id='word_1_354' title='bbox 1329 2464 1478 2496; x_wconf 74' lang='lat' dir='ltr'>mundus</span> <span class='ocrx_word' id='word_1_355' title='bbox 1500 2463 1537 2496; x_wconf 79' lang='lat' dir='ltr'>in</span> <span class='ocrx_word' id='word_1_356' title='bbox 1560 2463 1671 2505; x_wconf 72' lang='lat' dir='ltr'>ipsis?</span> 
     </span>
     <span class='ocr_line' id='line_1_38' title="bbox 126 2515 1674 2557; baseline -0.001 -7"><span class='ocrx_word' id='word_1_357' title='bbox 126 2522 265 2557; x_wconf 83' lang='lat' dir='ltr'>natura,</span> <span class='ocrx_word' id='word_1_358' title='bbox 286 2529 365 2550; x_wconf 81' lang='grc'><strong>811111</strong></span> <span class='ocrx_word' id='word_1_359' title='bbox 387 2518 522 2550; x_wconf 85' lang='lat' dir='ltr'>caelum</span> <span class='ocrx_word' id='word_1_360' title='bbox 544 2522 698 2551; x_wconf 84' lang='lat' dir='ltr'>strueret</span> <span class='ocrx_word' id='word_1_361' title='bbox 719 2524 756 2551; x_wconf 87' lang='lat' dir='ltr'>et</span> <span class='ocrx_word' id='word_1_362' title='bbox 776 2520 949 2551; x_wconf 86' lang='lat' dir='ltr'>elementa</span> <span class='ocrx_word' id='word_1_363' title='bbox 973 2529 1009 2550; x_wconf 87' lang='lat' dir='ltr'>se</span> <span class='ocrx_word' id='word_1_364' title='bbox 1032 2521 1155 2550; x_wconf 84' lang='lat' dir='ltr'>mutuo</span> <span class='ocrx_word' id='word_1_365' title='bbox 1179 2517 1271 2549; x_wconf 79' lang='lat' dir='ltr'>alere</span> <span class='ocrx_word' id='word_1_366' title='bbox 1294 2516 1432 2548; x_wconf 84' lang='lat' dir='ltr'>iuberet</span> <span class='ocrx_word' id='word_1_367' title='bbox 1455 2519 1496 2548; x_wconf 90' lang='lat' dir='ltr'>ut</span> <span class='ocrx_word' id='word_1_368' title='bbox 1518 2515 1674 2548; x_wconf 79' lang='lat' dir='ltr'>mundus</span> 
     </span>
     <span class='ocr_line' id='line_1_39' title="bbox 126 2568 1671 2612; baseline -0.001 -11"><span class='ocrx_word' id='word_1_369' title='bbox 126 2569 291 2602; x_wconf 86' lang='lat' dir='ltr'>concordi</span> <span class='ocrx_word' id='word_1_370' title='bbox 314 2569 453 2602; x_wconf 82' lang='lat' dir='ltr'>foedere</span> <span class='ocrx_word' id='word_1_371' title='bbox 475 2570 707 2609; x_wconf 88' lang='lat' dir='ltr'>stabiliretur,</span> <span class='ocrx_word' id='word_1_372' title='bbox 726 2570 857 2609; x_wconf 85' lang='lat' dir='ltr'>eadem,</span> <span class='ocrx_word' id='word_1_373' title='bbox 879 2581 922 2602; x_wconf 88' lang='grc'>118</span> <span class='ocrx_word' id='word_1_374' title='bbox 944 2569 1030 2612; x_wconf 82' lang='lat' dir='ltr'>quid</span> <span class='ocrx_word' id='word_1_375' title='bbox 1053 2573 1240 2612; x_wconf 82' lang='lat' dir='ltr'>exceptum</span> <span class='ocrx_word' id='word_1_376' title='bbox 1264 2571 1422 2600; x_wconf 88' lang='lat' dir='ltr'>maneret</span> <span class='ocrx_word' id='word_1_377' title='bbox 1444 2571 1482 2599; x_wconf 83' lang='lat' dir='ltr'>et</span> <span class='ocrx_word' id='word_1_378' title='bbox 1504 2572 1545 2600; x_wconf 91' lang='lat' dir='ltr'>ut</span> <span class='ocrx_word' id='word_1_379' title='bbox 1568 2568 1671 2600; x_wconf 89' lang='lat' dir='ltr'>homo</span> 
     </span>
     <span class='ocr_line' id='line_1_40' title="bbox 127 2619 1673 2664; baseline -0.001 -11"><span class='ocrx_word' id='word_1_380' title='bbox 127 2621 258 2653; x_wconf 75' lang='lat' dir='ltr'>animal</span> <span class='ocrx_word' id='word_1_381' title='bbox 275 2621 425 2653; x_wconf 78' lang='lat' dir='ltr'>caeleste</span> <span class='ocrx_word' id='word_1_382' title='bbox 447 2632 467 2653; x_wconf 85' lang='lat' dir='ltr'>a.</span> <span class='ocrx_word' id='word_1_383' title='bbox 486 2621 583 2653; x_wconf 78' lang='lat' dir='ltr'>&#39;caelo</span> <span class='ocrx_word' id='word_1_384' title='bbox 599 2625 790 2664; x_wconf 84' lang='lat' dir='ltr'>regeretur,</span> <span class='ocrx_word' id='word_1_385' title='bbox 809 2622 885 2654; x_wconf 81' lang='lat' dir='ltr'>fata</span> <span class='ocrx_word' id='word_1_386' title='bbox 905 2632 1042 2664; x_wconf 91' lang='lat' dir='ltr'>quoque</span> <span class='ocrx_word' id='word_1_387' title='bbox 1058 2625 1094 2653; x_wconf 84' lang='lat' dir='ltr'>et</span> <span class='ocrx_word' id='word_1_388' title='bbox 1111 2621 1204 2653; x_wconf 81' lang='lat' dir='ltr'>uitas</span> <span class='ocrx_word' id='word_1_389' title='bbox 1226 2620 1407 2652; x_wconf 86' lang='lat' dir='ltr'>hominum</span> <span class='ocrx_word' id='word_1_390' title='bbox 1426 2619 1612 2661; x_wconf 78' lang='lat' dir='ltr'>suspendit</span> <span class='ocrx_word' id='word_1_391' title='bbox 1625 2619 1673 2652; x_wconf 78' lang='lat' dir='ltr'>ab</span> 
     </span>
     <span class='ocr_line' id='line_1_41' title="bbox 125 2669 1672 2714; baseline -0.001 -10"><span class='ocrx_word' id='word_1_392' title='bbox 125 2672 232 2705; x_wconf 75' lang='lat' dir='ltr'>astris</span> <span class='ocrx_word' id='word_1_393' title='bbox 320 2671 362 2703; x_wconf 85' lang='grc'>59</span> <span class='ocrx_word' id='word_1_394' title='bbox 387 2682 485 2713; x_wconf 81' lang='lat' dir='ltr'>quae,</span> <span class='ocrx_word' id='word_1_395' title='bbox 515 2675 557 2704; x_wconf 84' lang='lat' dir='ltr'>ut</span> <span class='ocrx_word' id='word_1_396' title='bbox 583 2683 625 2704; x_wconf 83' lang='lat' dir='ltr'>ea</span> <span class='ocrx_word' id='word_1_397' title='bbox 713 2683 853 2714; x_wconf 85' lang='lat' dir='ltr'>operum</span> <span class='ocrx_word' id='word_1_398' title='bbox 880 2672 1113 2704; x_wconf 88' lang='lat' dir='ltr'>humanorum</span> <span class='ocrx_word' id='word_1_399' title='bbox 1200 2670 1296 2710; x_wconf 79' lang='lat' dir='ltr'>lucis,</span> <span class='ocrx_word' id='word_1_400' title='bbox 1327 2670 1423 2703; x_wconf 83' lang='lat' dir='ltr'>uitae</span> <span class='ocrx_word' id='word_1_401' title='bbox 1509 2669 1552 2701; x_wconf 87' lang='grc'>60</span> <span class='ocrx_word' id='word_1_402' title='bbox 1575 2672 1672 2702; x_wconf 82' lang='lat' dir='ltr'>recte</span> 
     </span>
     <span class='ocr_line' id='line_1_42' title="bbox 125 2722 1670 2766; baseline -0.001 -10"><span class='ocrx_word' id='word_1_403' title='bbox 125 2727 207 2766; x_wconf 78' lang='lat' dir='ltr'>post</span> <span class='ocrx_word' id='word_1_404' title='bbox 238 2723 330 2756; x_wconf 85' lang='lat' dir='ltr'>hunc</span> <span class='ocrx_word' id='word_1_405' title='bbox 361 2734 502 2756; x_wconf 85' lang='lat' dir='ltr'>uersum</span> <span class='ocrx_word' id='word_1_406' title='bbox 532 2724 698 2766; x_wconf 83' lang='lat' dir='ltr'>grauiter,</span> <span class='ocrx_word' id='word_1_407' title='bbox 731 2724 860 2756; x_wconf 85' lang='lat' dir='ltr'>leuiter</span> <span class='ocrx_word' id='word_1_408' title='bbox 892 2727 973 2766; x_wconf 84' lang='lat' dir='ltr'>post</span> <span class='ocrx_word' id='word_1_409' title='bbox 1005 2725 1060 2763; x_wconf 83' lang='lat'>63,</span> <span class='ocrx_word' id='word_1_410' title='bbox 1093 2723 1316 2766; x_wconf 85' lang='lat' dir='ltr'>interpunxit</span> <span class='ocrx_word' id='word_1_411' title='bbox 1347 2722 1670 2765; x_wconf 77' lang='lat' dir='ltr'>Regiomontanus;</span> 
     </span>
     <span class='ocr_line' id='line_1_43' title="bbox 125 2773 1670 2817; baseline -0.001 -10"><span class='ocrx_word' id='word_1_412' title='bbox 125 2776 301 2808; x_wconf 78' lang='lat' dir='ltr'>contraria</span> <span class='ocrx_word' id='word_1_413' title='bbox 317 2776 454 2807; x_wconf 85' lang='lat' dir='ltr'>ratione</span> <span class='ocrx_word' id='word_1_414' title='bbox 469 2774 632 2807; x_wconf 80' lang='lat' dir='ltr'>adhibita</span> <span class='ocrx_word' id='word_1_415' title='bbox 654 2775 868 2817; x_wconf 84' lang='lat' dir='ltr'>adscitisque</span> <span class='ocrx_word' id='word_1_416' title='bbox 891 2775 928 2807; x_wconf 90' lang='lat' dir='ltr'>in</span> <span class='ocrx_word' id='word_1_417' title='bbox 952 2775 1012 2807; x_wconf 92' lang='lat' dir='ltr'>illo</span> <span class='ocrx_word' id='word_1_418' title='bbox 1037 2786 1140 2807; x_wconf 87' lang='lat' dir='ltr'>uersu</span> <span class='ocrx_word' id='word_1_419' title='bbox 1165 2775 1359 2807; x_wconf 86' lang='lat' dir='ltr'>recentium</span> <span class='ocrx_word' id='word_1_420' title='bbox 1382 2773 1542 2806; x_wconf 88' lang='lat' dir='ltr'>codicum</span> <span class='ocrx_word' id='word_1_421' title='bbox 1562 2773 1670 2806; x_wconf 84' lang='lat' dir='ltr'>inter-</span> 
     </span>
     <span class='ocr_line' id='line_1_44' title="bbox 126 2824 1672 2870; baseline -0.002 -11"><span class='ocrx_word' id='word_1_422' title='bbox 126 2826 366 2870; x_wconf 84' lang='lat' dir='ltr'>polationibus</span> <span class='ocrx_word' id='word_1_423' title='bbox 382 2826 537 2869; x_wconf 75' lang='lat' dir='ltr'>Scaliger</span> <span class='ocrx_word' id='word_1_424' title='bbox 553 2837 701 2869; x_wconf 88' lang='lat' dir='ltr'>eumque</span> <span class='ocrx_word' id='word_1_425' title='bbox 714 2828 827 2859; x_wconf 82' lang='lat' dir='ltr'>secuti</span> <span class='ocrx_word' id='word_1_426' title='bbox 840 2838 959 2859; x_wconf 86' lang='lat' dir='ltr'>omnes</span> <span class='ocrx_word' id='word_1_427' title='bbox 975 2832 1116 2869; x_wconf 84' lang='lat' dir='ltr'>praeter</span> <span class='ocrx_word' id='word_1_428' title='bbox 1128 2825 1294 2859; x_wconf 86' lang='lat' dir='ltr'>Iacobum</span> <span class='ocrx_word' id='word_1_429' title='bbox 1307 2825 1465 2868; x_wconf 83' lang='lat' dir='ltr'>ineptam</span> <span class='ocrx_word' id='word_1_430' title='bbox 1481 2824 1672 2857; x_wconf 83' lang='lat' dir='ltr'>effecerunt</span> 
     </span>
     <span class='ocr_line' id='line_1_45' title="bbox 125 2875 1673 2919; baseline -0.002 -8"><span class='ocrx_word' id='word_1_431' title='bbox 125 2879 339 2911; x_wconf 74' lang='lat' dir='ltr'>sententiam</span> <span class='ocrx_word' id='word_1_432' title='bbox 364 2889 427 2911; x_wconf 88' lang='lat' dir='ltr'>nec</span> <span class='ocrx_word' id='word_1_433' title='bbox 451 2878 615 2911; x_wconf 83' lang='lat' dir='ltr'>Latinam</span> <span class='ocrx_word' id='word_1_434' title='bbox 639 2879 845 2919; x_wconf 80' lang='lat' dir='ltr'>orationem,</span> <span class='ocrx_word' id='word_1_435' title='bbox 871 2879 962 2911; x_wconf 74' lang='lat' dir='ltr'>uitas</span> <span class='ocrx_word' id='word_1_436' title='bbox 985 2877 1160 2911; x_wconf 79' lang='lat' dir='ltr'>hominum</span> <span class='ocrx_word' id='word_1_437' title='bbox 1183 2877 1358 2919; x_wconf 71' lang='lat' dir='ltr'>suspendit</span> <span class='ocrx_word' id='word_1_438' title='bbox 1381 2876 1424 2909; x_wconf 86' lang='lat' dir='ltr'>ab</span> <span class='ocrx_word' id='word_1_439' title='bbox 1447 2875 1562 2916; x_wconf 73' lang='lat' dir='ltr'>astris,</span> <span class='ocrx_word' id='word_1_440' title='bbox 1583 2886 1673 2918; x_wconf 80' lang='lat' dir='ltr'>quae</span> 
     </span>
    </p>
   </div>
  </div>
 </body>
</html>
