1877 3146
201 868 290 899 quae
318 857 363 889 ad
386 861 417 889 11
444 857 507 888 969
533 857 577 889 de
607 861 792 899 octatropo
818 858 1036 899 disputarem]
1066 858 1169 899 plane
1197 858 1419 890 confirmauit
1446 859 1567 900 paucis
1594 861 1674 900 post

137 909 273 940 editum
299 908 426 940 librum
451 920 563 940 meum
586 908 709 941 diebus
733 910 858 941 emissa
881 909 1059 942 O.C.A.G.
1089 911 1173 941 tomi
1192 919 1263 941 VIII
1287 921 1368 951 pars
1392 911 1442 949 iii,
1467 909 1526 941 ubi
1550 921 1582 952 p.
1614 909 1673 944 117

136 960 222 994 21-7
239 963 302 991 τῶν
323 962 443 992 δώδεκα
465 962 574 991 τόπων
593 961 848 992 enumerationi
869 961 954 992 haec
973 960 1207 999 subiciuntur,
1231 963 1278 992 ὅτι
1302 963 1390 992 τινὲσ
1414 963 1472 1000 τὴν
1496 963 1673 1001 λεγομένην

138 1013 354 1043 ὀκτάτυπον
395 1013 497 1053 (quae
528 1023 596 1043 uox
628 1012 685 1044 1116
715 1013 821 1043 semel
859 1012 952 1044 lecta
989 1024 1059 1044 non
1097 1013 1133 1044 111
1172 1013 1453 1044 commenticium
1485 1017 1522 1044 et>
1552 1013 1673 1045 fictum

137 1063 344 1096 uocabulum
385 1066 562 1095 ὀκτάτοπον
602 1064 773 1095 mutanda
810 1064 871 1096 sed
908 1067 972 1096 aut
1010 1064 1183 1096 seruanda
1221 1068 1297 1096 erat
1335 1068 1398 1096 aut
1436 1065 1672 1107 reponendum

137 1117 348 1157 ὀκτάτροπον)
380 1117 463 1156 πρὸσ
493 1117 551 1154 τὴν
583 1117 680 1154 αὐτὴν
713 1117 826 1157 σκέψιν
858 1119 1175 1157 ἐπραγματεύσαντο.
1234 1119 1286 1147 καὶ
1317 1118 1372 1148 τὸν
1402 1119 1461 1155 μὲν
1492 1118 1674 1158 ὡροσκόπον

137 1169 223 1206 ζωῆσ
245 1169 401 1199 ἐκάλεσαν
421 1169 535 1199 τόπον·
559 1170 592 1206 ἐξ
611 1169 708 1198 αὐτοῦ
725 1169 788 1208 ’γὰρ
808 1169 848 1198 τὰ
871 1170 942 1208 περὶ
961 1170 1046 1206 ζωῆσ
1067 1170 1265 1209 θεωρεῖσθαι·
1290 1170 1326 1199 τὸ
1347 1170 1379 1199 δὲ
1399 1171 1675 1209 ἐπαναφερόμενον

137 1218 182 1259 τῷ
199 1220 371 1260 ὡροσκόπῳ
392 1220 432 1250 τὰ
452 1221 514 1258 τῆσ
535 1221 620 1257 ζωῆσ
639 1220 779 1257 ἑπόμενα
798 1222 939 1258 μηνύειν,
958 1221 1013 1251 τὸν
1034 1221 1068 1251 δὲ
1086 1222 1190 1260 τρίτον
1211 1221 1310 1251 τόπον
1332 1221 1488 1252 ἐκάλεσαν
1510 1222 1672 1261 ἀδελφῶν,

136 1275 256 1314 ’γονέων
279 1275 313 1305 δὲ
333 1275 371 1305 τὸ
393 1274 432 1312 δ’,
456 1275 493 1305 τὸ
517 1274 549 1304 δὲ
571 1273 596 1304 ε’
615 1274 746 1312 τέκνων,
765 1275 802 1305 τὸ
821 1263 860 1303 ςμ
881 1275 914 1304 δὲ
935 1275 998 1304 τῶν
1020 1276 1092 1314 περὶ
1113 1276 1149 1305 τὸ
1171 1276 1262 1312 σῶμα
1282 1276 1388 1313 σινῶν,
1408 1276 1444 1306 τὸ
1465 1275 1494 1314 ζ’
1516 1277 1550 1306 δὲ
1571 1276 1676 1315 ’γάμου

137 1327 249 1365 τόπον,
268 1327 304 1357 τὸ
320 1325 351 1364 η’
369 1327 402 1356 δὲ
418 1327 481 1364 τῆσ
497 1327 663 1364 τελευτῆσ.
713 1327 763 1356 καὶ
786 1327 836 1356 διὰ
856 1328 976 1357 τούτων
997 1328 1059 1356 τῶν
1081 1327 1177 1357 ὀκτὼ
1198 1328 1323 1358 τόπων
1343 1327 1398 1358 τὸν
1420 1329 1493 1358 ὅλον
1515 1329 1571 1358 τοῦ
1585 1340 1675 1367 ’γενο-

135 1379 231 1417 μένου
248 1379 441 1409 σκέπτονται
456 1378 538 1418 βίον.
580 1377 632 1409 ita
645 1377 843 1409 Antiochus
858 1389 866 1415 ;
890 1377 1019 1408 similia
1035 1377 1241 1419 Thrasyllus
1257 1377 1342 1410 ibid.
1362 1389 1395 1420 p.
1415 1380 1473 1411 101
1492 1379 1589 1418 3-13,
1609 1382 1676 1411 εἶτα.

138 1430 350 1471 διαλαμβάνει
374 1431 426 1460 καὶ
446 1430 492 1460 dm·
511 1430 575 1468 ζωὴ
593 1430 650 1467 μὲν
670 1431 707 1460 τὸ
727 1430 928 1469 ὡροσκοποῦν
948 1431 1079 1469 λέγεται
1099 1428 1219 1469 ζῴδιον,
1240 1431 1315 1470 βίοσ
1335 1431 1369 1461 δὲ
1387 1431 1424 1462 τὸ
1439 1432 1541 1470 τούτῳ
1558 1434 1674 1463 ἐπανα-

137 1483 318 1522 φερόμενον,
345 1482 382 1512 τὸ
405 1482 510 1521 τρίτον
536 1482 570 1511 δὲ
595 1482 744 1520 ἀδελφῶν
769 1482 879 1520 ἐπέχει
902 1482 1012 1520 λόγον,
1039 1483 1091 1512 καὶ
1113 1482 1151 1512 τὸ
1174 1482 1235 1512 ὑπὸ
1257 1483 1319 1521 ’γῆν
1342 1483 1473 1522 γονέων,
1499 1484 1618 1514 τέκνων
1644 1485 1677 1515 δὲ

135 1535 173 1565 τὸ
202 1535 304 1572 τούτῳ
336 1533 626 1573 ἐπαναφερόμενον,
660 1533 771 1564 σίνουο·
802 1534 836 1563 δὲ
862 1533 900 1563 τὸ
926 1534 1092 1571 ἑπόμενον,
1122 1534 1276 1572 ’γυναικὸσ
1308 1535 1342 1565 δὲ
1367 1535 1404 1565 τὸ
1436 1535 1540 1572 δῦνον,
1573 1536 1610 1566 τὸ
1641 1537 1675 1567 δὲ

136 1585 448 1626 ἐπικαταφερόμενον
463 1583 509 1624 τῷ
526 1586 650 1615 δύνοντι
670 1585 799 1625 κέντρῳ,
817 1585 956 1623 ὄγδοον
976 1585 1041 1616 ἀπὸ
1062 1586 1119 1616 τοῦ
1135 1585 1320 1626 ὡροσκόπου
1336 1584 1376 1625 τῇ
1392 1587 1479 1625 τάξει
1496 1588 1673 1626 τυγχάνον,

134 1640 218 1677 τύχη
246 1639 299 1668 καὶ
326 1638 466 1668 θάνατοσ
492 1638 645 1668 καλεῖται.
695 1639 796 1667 ταῦτα
821 1638 919 1667 εἰπὼν
945 1638 997 1667 καὶ
1025 1637 1071 1667 ὡσ
1099 1638 1162 1668 οἶόν
1190 1649 1225 1668 τε
1249 1639 1287 1676 ἢν
1313 1636 1396 1677 αὐτῷ
1423 1640 1596 1670 κανονίσασ
1623 1641 1675 1670 καὶ

135 1691 193 1728 τὴν
210 1690 379 1729 ἐπίσκεψιν
399 1691 454 1719 τοῦ
473 1689 622 1726 θεματίου
642 1689 899 1729 καταβάλλεται·
924 1691 957 1719 ἐν
975 1689 1025 1719 οἷο·
1044 1690 1097 1719 καὶ
1116 1690 1188 1729 περὶ
1207 1690 1330 1729 χρόνων
1347 1691 1433 1728 ζωῆσ
1448 1691 1672 1732 διαλαμβάνει,

134 1743 223 1773 τίνεσ
254 1742 371 1771 αὑτοὺσ
409 1741 462 1771 καὶ
499 1741 590 1770 ὅπωσ
628 1741 872 1780 ἐπιμερίζουσιν,
906 1741 958 1771 καὶ
989 1741 1060 1779 περὶ
1090 1741 1162 1780 βίου
1200 1742 1291 1771 ὄπωσ
1321 1742 1393 1779 ἕξει,
1427 1743 1480 1772 καὶ
1510 1744 1582 1783 περὶ
1612 1745 1675 1774 τῶν

136 1794 318 1824 ὑπολοίπων
355 1794 388 1831 ἓξ
419 1792 615 1831 κεφαλαίων,
649 1793 799 1831 ἀδελφῶν
831 1796 913 1830 φημι
944 1793 997 1822 καὶ
1027 1792 1147 1832 ’γονέων
1179 1794 1231 1823 καὶ
1262 1793 1379 1824 τέκνων
1412 1795 1464 1824 καὶ
1495 1793 1676 1836 σινῶν<καὶ

134 1843 312 1886 Ὑυναικὸσ>
322 1845 375 1875 καὶ
390 1846 497 1883 τύχησ

199 1925 355 1954 ceterum
372 1921 457 1952 haee
473 1920 509 1951 in
526 1919 818 1952 adnotaffionibus
835 1920 1058 1962 corrigantur

199 2002 232 2031 11
248 1998 310 2029 328
326 2007 371 2029 111
388 1998 496 2029 3504
511 1997 688 2036 omittere,
707 2006 737 2028 11
753 1996 815 2030 337
833 2007 882 2038 sq.
902 1996 1041 2028 adferre
1056 1996 1161 2028 debui

200 2078 232 2106 11
246 2073 310 2105 629
327 2073 498 2115 seriptum
514 2073 674 2114 oportuit
694 2074 701 2088 ‘
714 2075 902 2110 Chelaeque
919 2076 955 2104 et
970 2072 1153 2104 Bentleius
1165 2073 1172 2086 ’
