1877 3146
175 131 230 170 20
770 128 832 172 M.
864 128 1115 172 MANILII

354 241 487 282 donec
506 239 728 295 perueniat
747 240 960 281 nascentis
978 246 1149 296 tempus
1169 241 1224 282 ad
1243 241 1395 296 ipsum,

353 320 496 370 atque,
517 314 591 355 ubi
610 313 863 364 substiterit,
885 314 1053 369 signum
1072 314 1239 356 dicatur
1259 315 1366 357 oriri.

229 396 298 428 225
352 389 427 430 sed
445 389 555 430 iacet
576 388 750 443 obliquo
769 388 985 443 signorum
1004 389 1181 431 circulus
1201 389 1313 438 orbe,

352 469 483 519 atque
502 463 584 504 alia
604 462 770 504 inflexis
791 463 985 505 oriuntur
1002 463 1140 506 sidera
1159 464 1358 505 membris

352 542 419 579 ast
438 537 519 579 illis
539 537 673 591 magis
695 542 759 579 est
778 542 919 579 rectus
937 538 1205 592 surgentibus
1225 538 1340 586 ordo,

350 616 400 653 ut
419 612 591 667 propius
610 611 734 653 nobis
754 611 926 667 aliquod
945 612 1014 653 uel
1034 612 1197 667 longius
1217 618 1382 654 astrum
1402 617 1478 654 est.

170 751 311 784 deficiat
397 751 462 783 224
471 752 529 784 ubi
541 752 734 792 substiterit,
750 752 895 794 siquam,
909 752 945 784 id
958 753 1106 794 signum,
1122 753 1157 784 in
1168 763 1238 794 quo
1250 752 1461 786 substiterit.
1508 753 1600 786 Ptol.
1614 757 1709 795 synt.

169 813 198 836 11
215 805 235 835 9
251 803 354 835 Heib.
375 814 407 845 p.
430 805 491 835 144
511 806 532 835 4
549 815 597 846 sq.
623 806 671 835 εἰσ
693 806 730 842 ἢν
751 804 777 835 δ’
803 806 840 835 ἂν
866 805 1052 844 καταντήσῃ
1077 806 1189 844 μοῖραν
1209 806 1224 836 ὁ
1249 806 1396 845 ἀριθμὸσ,
1422 806 1542 844 ἐκείνην
1568 806 1712 845 φήσομεν

167 856 239 886 τότε
258 857 316 894 τὴν
338 857 450 896 μοῖραν
470 857 659 887 ἀνατέλλειν
759 855 908 887 225-237
926 855 1061 888 Gemin.
1080 857 1098 889 7
1119 856 1201 888 9—11
1228 858 1382 895 τοιαύτησ
1399 857 1437 895 δὴ
1453 858 1516 895 τῆσ
1531 859 1712 897 ἐγκλίσεωσ

168 908 379 948 ύπαρχούσησ
399 909 456 938 τοῦ
474 909 629 947 ζῳδιακοῦ
647 909 764 939 κύκλου
788 909 958 947 συμβαίνει
982 909 1034 939 καὶ
1057 909 1097 939 τὰ
1123 909 1380 948 δωδεκατημόρια
1406 908 1533 950 (signa)
1556 910 1611 940 ἴσα
1635 910 1711 940 ὄντα

167 960 248 990 κατὰ
264 959 301 990 τὸ
315 959 457 998 μέγεθοσ
473 960 505 989 ἐν
524 960 650 990 ἀνίσοισ
665 959 798 999 χρόνοισ
815 960 878 989 τὰσ
897 960 1063 990 ἀνατολὰσ
1080 960 1133 989 καὶ
1148 960 1212 990 τὰσ
1230 960 1340 990 δύσεισ
1356 961 1529 991 ποιεῖσθαι.
1577 961 1639 991 ὅσα
1654 961 1712 998 μὲν

165 1011 229 1050 ’γὰρ
246 1009 337 1051 ὀρθοῦ
352 1011 520 1050 ’γινομένου
537 1023 592 1042 του
617 1009 771 1050 ζῳδιακοῦ
794 1012 911 1042 κύκλου
935 1012 993 1049 τὴν
1018 1012 1178 1049 ἀνατολὴν
1203 1012 1348 1049 ποιεῖται,
1368 1012 1471 1042 ἐκεῖνα
1493 1012 1533 1043 τὰ
1557 1011 1655 1051 ζῴδια
1679 1013 1712 1042 ἐν

167 1063 290 1093 πλείονι
311 1063 415 1102 χρόνῳ
439 1063 496 1100 τὴν
519 1064 680 1100 ἀνατολὴν
701 1064 851 1093 ποιεῖται·
874 1063 952 1102 ὀρθὰ
975 1063 1038 1102 ’γὰρ
1059 1064 1144 1103 παρὰ
1166 1063 1222 1093 τὸν
1239 1062 1381 1102 ὁρίζοντα
1398 1064 1607 1103 παραπίπτει,
1629 1065 1712 1094 ὥστε

167 1113 239 1144 καθ’
264 1115 297 1145 ἓν
323 1115 457 1144 ἕκαστον
486 1115 616 1152 σημεῖον
644 1112 699 1144 τοῦ
725 1115 834 1153 ζῳδίου
859 1115 918 1151 τὴν
949 1115 1109 1152 ἀνατολὴν
1138 1115 1295 1153 γίνεσθαι.
1347 1115 1399 1145 διὰ
1427 1115 1460 1145 δὲ
1486 1113 1580 1145 τοῦτο
1607 1116 1710 1146 πολὺν

165 1166 279 1205 χρόνον
318 1166 488 1205 συμβαίνει
526 1166 758 1196 ἀναλίσκεσθαι
796 1167 859 1203 τῆσ
898 1166 1072 1203 ἀνατολῆσ.
1131 1167 1191 1196 ὅσα
1223 1167 1257 1196 δὲ
1288 1167 1430 1205 πλαγίου
1457 1167 1626 1205 ’γινομένου
1654 1167 1711 1197 τοῦ

162 1215 316 1255 ζῳδιακοῦ
340 1218 457 1247 κύκλου
480 1218 563 1257 πρὸσ
585 1218 641 1247 τὸν
666 1217 808 1257 ὁρίζοντα
829 1218 887 1254 τὴν
907 1218 1067 1255 ἀνατολὴν
1091 1218 1240 1255 ποιεῖται,
1260 1218 1365 1248 ἐκεῖνα
1387 1220 1420 1248 ἐν
1444 1218 1590 1248 ἐλάττονι
1606 1218 1712 1258 χρόνῳ

165 1269 415 1308 ἐπαναφέρεται·
433 1269 558 1306 πλάγια
579 1269 643 1308 ’γὰρ
664 1269 864 1308 παραπίπτει
889 1270 941 1298 καὶ
963 1269 1003 1299 τὰ
1027 1268 1123 1307 ζῴδια
1148 1269 1233 1308 παρὰ
1255 1269 1310 1299 τὸν
1330 1268 1484 1308 ὁρίζοντα,
1504 1271 1586 1300 ὥστε
1602 1270 1710 1301 πολλὰ.

162 1321 241 1360 μέρη
258 1321 323 1357 ἅμα
339 1321 396 1357 τὴν
414 1321 574 1357 ἀνατολὴν
592 1321 761 1351 ποιεῖσθαι.
813 1320 862 1350 διὰ
886 1320 918 1350 δὲ
940 1318 1035 1350 τοῦτο
1057 1321 1109 1350 καὶ
1130 1321 1265 1359 ταχεῖαν
1281 1321 1339 1357 τὴν
1362 1321 1523 1358 ἀνατολὴν
1541 1322 1710 1361 συμβαίνει

163 1372 319 1410 γίνεσθαι.
370 1370 477 1402 Mart.
499 1370 581 1412 Cap.
603 1372 667 1402 844
683 1381 769 1411 quae
791 1376 991 1402 transuersa
1011 1370 1171 1402 oriuntur
1192 1375 1221 1402 et
1240 1376 1333 1402 recta
1351 1371 1518 1410 occidunt,
1537 1371 1712 1404 celeriores

164 1427 258 1454 ortus
282 1421 402 1453 habent
427 1432 531 1463 quam
556 1432 691 1454 occasus
705 1434 718 1460 ,⁴
749 1427 867 1454 contra
892 1427 1015 1461 autem,
1043 1432 1129 1463 quae
1155 1427 1247 1453 recta
1271 1421 1431 1454 oriuntur
1455 1427 1484 1454 et
1511 1427 1709 1455 transuersa

163 1474 366 1512 conduntur,
386 1474 521 1505 tardius
542 1473 703 1505 oriuntur
718 1483 822 1514 quam
839 1473 1004 1505 occidunt.
1054 1472 1232 1506 C.O.A.G.
1248 1482 1271 1504 V
1294 1474 1332 1505 iii
1353 1484 1386 1515 p.
1404 1475 1447 1506 80
1468 1475 1531 1506 6-8
1553 1476 1630 1515 ὀρθὰ
1649 1477 1707 1513 μὲν

164 1525 260 1565 ζῴδιά
285 1527 365 1556 εἰσιν
392 1526 457 1556 ἀπὸ
485 1526 644 1565 Καρκίνου
674 1526 737 1556 ἕωσ
764 1526 909 1563 Τοξότου·
941 1525 1067 1564 πλάγια
1100 1526 1132 1556 δὲ
1162 1527 1203 1556 τὰ
1234 1527 1332 1556 λοιπὰ
1360 1527 1425 1556 ἀπὸ
1451 1527 1615 1567 Αἰγόκερω
1644 1528 1710 1558 ἔωσ

164 1578 322 1615 Διδύμων,
348 1576 434 1608 item
461 1585 517 1608 vn
548 1587 581 1618 p.
609 1576 674 1608 212
704 1578 787 1608 14-6
875 1576 938 1607 228
970 1579 1115 1614 aliquod
1145 1580 1191 1615 M,
1217 1580 1354 1614 aliquid.
1381 1579 1431 1608 GL
1518 1577 1612 1619 quod
1642 1578 1708 1610 hoc

163 1638 267 1659 uersu
291 1627 436 1667 dicitur,
455 1627 491 1659 id
516 1631 552 1659 et
575 1628 704 1659 falsum
720 1630 775 1659 est
791 1630 827 1658 et
847 1628 896 1659 eis
916 1638 1004 1669 quae
1029 1639 1086 1659 uu.
1107 1628 1236 1662 275-94
1261 1628 1453 1660 traduntur
1477 1630 1703 1661 contrarium.

163 1690 244 1710 nam
274 1679 374 1710 nobis
405 1678 742 1721 septentrionalibus
772 1679 932 1721 proxima
963 1682 1059 1710 astra
1090 1679 1228 1711 Gemini
1256 1683 1292 1710 et
1319 1679 1452 1711 Cancer
1482 1683 1587 1718 sunt;
1623 1681 1708 1713 haec

164 1734 281 1762 autem
313 1730 434 1762 eadem
465 1731 693 1762 inclinatione
720 1731 883 1762 oriuntur
909 1741 978 1772 qua
1006 1731 1207 1772 longissime
1234 1737 1379 1769 remota,
1406 1730 1641 1773 Capricornus
1671 1735 1709 1765 et

165 1782 387 1824 Sagittarius.
436 1792 540 1823 porro
556 1793 645 1824 quae
661 1782 889 1814 inclinatione
906 1782 1055 1813 maxime
1072 1782 1164 1814 inter
1180 1793 1216 1813 se
1232 1782 1371 1813 diuersa
1387 1788 1537 1824 surgunt
1552 1784 1656 1815 Aries
1672 1786 1709 1816 et

164 1833 285 1875 Virgo,
305 1844 345 1865 ea
361 1844 471 1875 aequo
488 1834 603 1876 spatio
619 1845 640 1865 a
656 1833 756 1865 nobis
773 1834 919 1865 distant.
969 1844 1053 1865 uera
1068 1833 1155 1866 fient
1171 1845 1213 1865 ex
1230 1834 1420 1865 mendaciis
1437 1835 1611 1866 uersiculo
1626 1840 1708 1877 post

162 1884 227 1917 233
254 1885 424 1923 traiecto;
459 1896 582 1916 uerum
610 1888 664 1916 est
691 1885 795 1923 enim,
826 1887 932 1925 prout
958 1885 1103 1926 propius
1131 1884 1230 1916 nobis
1256 1884 1313 1916 uel
1338 1884 1475 1926 longius
1500 1885 1547 1917 sit
1572 1891 1705 1918 astrum

163 1937 199 1968 in
222 1947 291 1978 quo
314 1937 364 1968 sol
388 1937 599 1975 constiterit,
625 1936 676 1967 ita
699 1935 773 1968 dies
796 1940 986 1977 noctesque
1010 1937 1157 1968 uariare.
1207 1936 1356 1968 fortasse
1379 1937 1487 1967 etiam
1511 1936 1579 1968 alio
1602 1937 1706 1969 modo

161 1988 341 2020 commoda.
357 1987 445 2019 effici
461 1990 580 2029 potest
600 1989 787 2025 sententia,
807 1991 848 2019 ut
866 1998 929 2029 pro
951 1987 1045 2019 nobis
1064 1988 1237 2019 scribatur
1259 1988 1390 2026 nodis,
1411 1988 1503 2019 sicut
1519 1989 1624 2020 nodos
1640 2000 1704 2031 pro

164 2041 264 2072 nobos
283 2040 488 2072 restitutum
509 2044 562 2071 est
585 2039 687 2071 Lucr.
708 2048 747 2071 VI
772 2040 857 2077 8783
881 2050 961 2070 narn
986 2039 1071 2070 anni
1094 2040 1221 2071 nodum
1244 2039 1430 2071 Lucretius
1454 2048 1478 2071 V
1501 2041 1564 2073 688
1587 2041 1705 2082 appel-

163 2092 253 2124 lauit
269 2092 480 2124 alterutrum
496 2095 666 2133 punctum
684 2091 950 2133 aequinoctiale,
966 2091 1093 2133 quibus
1108 2091 1249 2133 punctis
1265 2095 1398 2132 quanto
1410 2092 1554 2133 propius
1569 2095 1706 2124 astrum

165 2143 307 2185 aliquod
323 2143 379 2175 uel
396 2143 533 2185 longius
549 2147 614 2181 est,
634 2146 736 2174 tanto
757 2143 889 2174 rectius
910 2143 1024 2174 oritur
1041 2142 1247 2184 (putabatur
1266 2143 1391 2174 saltem
1408 2143 1505 2183 oriri)
1523 2144 1578 2175 uel
1595 2145 1706 2187 magis

165 2195 314 2236 oblique.
364 2195 425 2226 sed
457 2195 603 2226 Manilio
634 2195 738 2236 culpa
765 2194 996 2226 condonanda
1023 2198 1077 2226 est
1104 2195 1139 2226 in
1166 2205 1236 2236 qua
1261 2195 1446 2236 peritiores
1471 2197 1706 2228 astronomiae

165 2247 322 2278 homines
344 2249 503 2278 uersatos
527 2245 639 2277 uideo.
688 2246 856 2278 Geminus
880 2246 972 2277 enim
997 2246 1015 2280 7
1042 2247 1125 2278 15-6
1149 2246 1233 2277 haec
1258 2245 1375 2284 habet,
1395 2248 1627 2278 ταπεινοτάτου
1648 2249 1706 2286 μὲν

164 2300 228 2339 ’γὰρ
252 2299 345 2329 ὄντοσ
367 2297 422 2329 τοῦ
447 2296 599 2337 ζῳδιακοῦ
624 2299 739 2329 κύκλου
763 2299 845 2338 πρὸσ
872 2299 927 2328 τὸν
956 2298 1110 2338 ὁρίζοντα,
1138 2299 1214 2338 ὅπερ
1236 2298 1360 2337 ’γίνεται
1385 2299 1548 2339 Αἰγόκερω
1573 2300 1707 2340 πρώτησ

165 2352 281 2390 μοίρασ
299 2351 570 2390 μεσουρανούσησ,
589 2351 724 2389 ταχεῖαν
749 2351 885 2380 ποιεῖται
908 2350 966 2387 τὴν
991 2350 1150 2387 ἀνατολὴν
1176 2350 1214 2380 τὸ
1236 2349 1421 2387 ἡμικύκλιον
1449 2351 1486 2381 τὸ
1513 2351 1579 2382 ἀπὸ
1605 2350 1705 2392 Κριοῦ

168 2403 300 2442 πρώτησ
327 2402 442 2441 μοίρασ
468 2402 562 2441 μέχρι
587 2402 750 2441 Παρθένου
775 2402 891 2441 μοίρασ
914 2402 1123 2440 τριακοστῆσ·
1146 2400 1224 2438 (hoe
1246 2400 1374 2432 falsum
1402 2403 1457 2433 est
1479 2412 1543 2433 uec
1569 2412 1705 2434 consec-

167 2453 318 2484 tarium:
353 2463 416 2494 pro
440 2451 540 2492 Κριοῦ
562 2456 597 2484 et
620 2453 787 2492 Παρθένου
807 2452 970 2493 ponenda-
991 2455 1093 2483 erant
1110 2453 1271 2492 Αἰγόκερω
1290 2455 1326 2483 et
1348 2454 1521 2493 Διδύμων.)
1567 2454 1707 2493 πλάγιον

167 2505 232 2544 ’γὰρ
259 2505 460 2544 παραπίπτει
487 2505 573 2544 παρὰ
601 2505 655 2534 τὸν
684 2504 827 2544 ὁρίζοντα
859 2506 910 2534 καὶ
941 2505 1048 2534 πολλὰ
1078 2504 1156 2543 μέρη
1188 2505 1254 2542 ἅμα
1283 2505 1342 2542 τὴν
1369 2505 1529 2542 ἀνατολὴν
1556 2507 1702 2537 ποιεῖται.

169 2556 341 2595 ὀρθοτάτου
373 2554 400 2586 δ’
429 2556 523 2586 ὅντοσ
553 2554 608 2586 τοῦ
637 2554 790 2594 ζῳδιακοῦ
820 2556 947 2593 κύκλου,
979 2556 1056 2595 ὅπερ
1085 2556 1209 2594 ’γίνεται
1242 2556 1400 2595 Καρκίνου
1431 2556 1563 2597 πρώτησ
1591 2557 1708 2597 μοίρασ

168 2608 439 2646 μεσουρανούσησ,
466 2608 558 2647 ὀρθὸν
582 2608 633 2637 καὶ
657 2607 694 2637 τὸ
717 2607 900 2644 ἡμικύκλιον
924 2608 1093 2637 ἀνατέλλει
1117 2607 1154 2637 τὸ
1177 2607 1242 2637 ἀπὸ
1265 2606 1370 2646 Ζυγοῦ
1395 2606 1514 2645 (immo
1535 2609 1706 2648 Καρκίνου)

169 2659 301 2698 πρώτησ
324 2659 439 2698 μοίρασ
461 2659 578 2698 μέχρισ
603 2657 740 2697 Ἰχθύων
764 2657 883 2696 (immo
907 2659 1055 2696 Τοξότου)
1078 2659 1193 2698 μοίρασ
1216 2659 1421 2698 τριακοστῆσ,
1441 2659 1512 2689 ὅθεν
1536 2660 1568 2689 ἐν
1593 2659 1708 2698 πολλῷ

169 2710 272 2750 χρόνῳ
291 2710 350 2746 τὴν
369 2710 529 2747 ἀνατολὴν
551 2710 697 2740 ποιεῖται.
745 2709 909 2740 similiter
930 2707 1132 2741 Cleomedes
1152 2717 1164 2740 1
1185 2710 1205 2741 6
1225 2710 1294 2748 (31)
1316 2710 1355 2740 τὰ
1378 2710 1436 2748 μὲν
1461 2711 1588 2750 θερινὰ
1612 2710 1707 2750 ζῴδια

169 2761 246 2801 ὀρθὰ
273 2761 330 2798 μὲν
358 2761 550 2800 ἀναφέρεται
574 2761 653 2797 λοξὰ
678 2761 709 2791 δὲ
735 2761 937 2800 καταδύεται,
964 2762 1016 2791 καὶ
1039 2761 1159 2801 ὀρθίοισ
1182 2761 1435 2801 ἀναφερομένοισ
1456 2762 1568 2792 αύτοῖσ
1590 2763 1705 2801 μακρό-

168 2822 263 2852 τεροσ
281 2811 296 2842 ὁ
311 2812 374 2849 τῆσ
391 2813 555 2849 ἁνατολῆσ
570 2813 694 2850 ’γίνεται
711 2813 842 2851 χρόνοσ·
861 2836 867 2843 .
890 2835 897 2843 .
919 2836 925 2843 .
946 2813 982 2842 τὸ
1000 2811 1026 2842 δ’
1043 2813 1182 2849 ἔμπαλιν
1199 2813 1317 2843 τούτων
1331 2813 1384 2843 ἐπὶ
1399 2813 1462 2842 τῶν
1478 2814 1707 2853 χειμερινῶν

169 2866 292 2903 γίνεται
323 2864 450 2902 ζῳδίων.
501 2862 598 2904 atqui
630 2873 699 2894 non
729 2863 865 2894 aestiua
895 2863 1004 2904 signa,
1038 2873 1127 2904 (piae
1157 2863 1208 2894 sol
1239 2866 1374 2895 aestate
1403 2863 1545 2902 transit,
1578 2864 1709 2896 rectius
