1877 3146
592 127 1078 171 ASTRONOMICON
1120 128 1196 171 III
1609 130 1663 170 63

300 242 528 293 totumque
548 243 744 281 emutant
764 252 967 280 conuerso
986 238 1157 281 cardine
1176 238 1385 281 mundum

300 310 594 367 inducuntque
613 326 747 354 nouas
767 326 943 367 operum
962 327 1187 369 rerumque
1205 312 1371 370 figuras.

176 391 246 425 625
354 385 513 428 Cancer
531 385 587 427 ad
606 385 796 428 aestiuae
815 386 949 442 fulget
968 386 1139 443 fastigia
1158 402 1289 429 zonae

300 460 578 515 extenditque
597 460 711 502 diem
729 475 946 502 summum
965 475 1183 517 paruoque
1201 476 1366 504 recessu

298 533 481 576 destruit
501 539 557 585 et,
580 539 743 590 quanto
762 534 981 577 fraudauit
998 540 1191 591 tempore
1210 536 1336 586 luces,

299 607 343 650 in
361 613 536 650 tantum
554 613 700 650 noctes
720 613 849 664 auget
869 623 877 651 :
913 614 1003 651 stat
1021 624 1189 652 summa
1208 625 1282 666 per
1302 610 1449 652 omnis.

298 687 394 724 tum
414 682 604 724 Cererem
623 682 761 738 fragili
779 689 1010 739 properant
1029 683 1287 740 destringere
1306 685 1458 735 culmo,

174 763 242 796 630
298 756 482 812 Campus
502 762 545 799 et
564 757 609 798 in
628 757 768 798 uarias
787 756 1011 814 destringit
1031 758 1221 800 membra
1241 759 1486 815 palaestrae,

298 835 342 873 et
360 831 556 886 tepidum
575 831 748 887 pelagus
767 831 977 873 iactatum
996 832 1170 888 languet
1190 833 1233 875 in
1252 833 1402 875 undas.

118 954 306 992 ποιούμενον
322 955 385 992 τῆσ
397 955 524 994 τροπῆσ
541 978 548 985 .
570 978 576 985 .
598 978 605 985 .
626 956 679 985 καὶ
695 955 776 985 κατὰ
793 955 830 985 τὸ
846 955 1011 993 ἡμικύλιον
1028 956 1065 986 τὸ
1080 955 1222 995 μέγεθοσ
1242 957 1306 994 τῆο·
1324 956 1447 996 ἡμέρασ
1468 957 1657 995 ἐπαύξοντα,

118 1006 151 1035 ἐν
176 1005 211 1035 δὲ
232 1003 278 1045 τῷ
301 1005 456 1045 διαμέτρῳ
479 1004 571 1046 Ζυγῷ
591 1006 657 1036 τὸν
688 1007 902 1044 σύνδεσμον
926 1008 1068 1038 λύοντα
1095 1008 1148 1038 καὶ
1171 1009 1221 1038 εἰσ
1243 1008 1280 1038 τὸ
1306 1009 1472 1046 μειωτικὸν
1495 1009 1661 1048 χωροῦντα

204 1055 267 1086 623
298 1056 469 1089 emutant'
487 1059 532 1095 M,
562 1059 733 1089 emittunt
763 1060 822 1089 GL.
886 1058 1068 1090 emutandi
1098 1058 1244 1090 uerbum
1276 1059 1426 1090 habetur
1456 1067 1480 1089 v
1513 1060 1586 1097 149,
1619 1058 1662 1090 de

116 1115 274 1139 conuerso
287 1107 427 1139 cardine
440 1107 514 1139 dixi
528 1107 573 1139 ad
586 1116 615 1139 11
628 1107 692 1140 929
779 1107 844 1139 624
858 1119 997 1149 operum
1011 1109 1242 1141 humanorum
1255 1121 1435 1151 rerumque
1447 1109 1662 1142 naturalium

203 1157 266 1189 625
291 1158 334 1191 de
357 1169 460 1191 :onae
483 1159 565 1191 uide
589 1159 633 1191 ad
657 1161 721 1192 319
809 1159 872 1191 626
895 1170 1076 1200 summum,
1106 1163 1309 1201 maximum,
1336 1165 1376 1194 ut
1398 1163 1463 1194 450
1550 1170 1662 1200 paruo

118 1212 178 1249 GL,
211 1212 330 1249 parite
361 1214 406 1250 M,
436 1211 530 1243 unde
559 1211 694 1252 pariter
709 1211 796 1243 Vrb.
817 1213 892 1251 668,
917 1212 1028 1254 parili
1058 1212 1249 1252 Bentleius‚
1285 1218 1326 1246 ut
1356 1214 1392 1246 in
1422 1213 1537 1246 medio
1563 1214 1662 1255 signo

116 1264 287 1303 punctum
315 1263 491 1304 tropicum
522 1263 772 1302 constituatur,
803 1263 1063 1305 refragantibus
1094 1275 1152 1296 uu.
1187 1266 1304 1297 680-2.
1353 1265 1447 1297 idem
1479 1265 1586 1307 ‘quid
1609 1270 1663 1297 est

116 1323 231 1353 paruo
243 1324 373 1346 recessu
384 1317 396 1347 ’ἒ
407 1314 426 1346 ’.
476 1317 530 1346 est
542 1314 636 1356 μικρᾷ
650 1316 856 1356 ἀποχωρήσει
870 1327 877 1346 t
902 1315 1038 1348 Gemin.
1055 1317 1075 1348 6
1087 1316 1130 1348 ‘29
1143 1318 1175 1347 αἱ
1190 1318 1298 1355 μέντοι
1313 1329 1353 1357 ’γε
1369 1317 1587 1358 παραυξήσεισ
1599 1318 1661 1348 τῶν

116 1365 240 1406 ἡμερῶν
257 1367 308 1396 καὶ
324 1367 388 1397 τῶν
405 1368 525 1397 νυκτῶν
543 1368 597 1398 οὔκ
613 1368 693 1398 εἰσιν
709 1368 743 1398 ἐν
759 1368 840 1398 πᾶσι
856 1369 927 1399 τοῖσ
943 1369 1071 1407 ζῳδίοισ
1089 1370 1168 1407 ἴσαι,
1187 1370 1273 1400 ἀλλὰ
1294 1371 1365 1410 περὶ
1385 1370 1444 1407 μὲν
1465 1371 1506 1400 τὰ
1527 1370 1662 1410 τροπικὰ

117 1418 234 1455 σημεῖα,
249 1419 358 1458 μικραί
373 1429 408 1448 τε
425 1419 597 1450 παντελῶσ
614 1419 666 1449 καὶ
682 1419 913 1457 ἀνεπαίσθητοι
928 1421 1083 1459 γίνονται,
1106 1421 1143 1454 17
1160 1420 1202 1452 ‘29
1218 1422 1281 1451 τὰσ
1298 1421 1476 1462 προσόδουσ
1494 1421 1558 1452 τὰσ
1579 1421 1662 1461 πρὸσ-

116 1469 172 1500 τὸν
190 1470 310 1510 θερινὸν
326 1471 476 1510 τροπικὸν
493 1472 546 1501 καὶ
561 1472 624 1501 τὰσ
641 1472 915 1512 ἀποχωρήσεισ
937 1473 1078 1512 μικράσ
1094 1484 1129 1503 τε
1145 1474 1317 1504 παντελῶσ
1333 1475 1385 1504 καὶ
1401 1473 1662 1511 ἀνεπαισθήτουο·

116 1522 195 1552 εἷναι
212 1522 408 1562 συμβέβηκε.
459 1521 497 1560 Q.
519 1521 640 1554 Cicero
655 1533 709 1564 ap.
730 1523 862 1555 Auson.
883 1523 978 1565 Peip.
998 1534 1030 1565 p.
1054 1523 1114 1557 107
1133 1524 1243 1563 (anth.
1264 1524 1342 1556 Lat.
1363 1524 1455 1556 Ries.
1475 1524 1550 1563 642,
1570 1524 1657 1566 frag.

114 1574 208 1613 poet.
229 1571 329 1604 Rom.
349 1572 474 1604 Baehr.
498 1583 532 1614 p.
558 1574 635 1612 315)
660 1575 679 1605 5
702 1573 868 1614 lonqaque
891 1573 964 1606 iam
986 1574 1110 1606 minuit
1128 1575 1334 1615 praeclarus
1355 1575 1486 1607 lumina
1515 1575 1657 1614 Cancer,

115 1623 200 1656 Isid.
221 1624 305 1665 orig.
326 1633 371 1655 111
395 1625 434 1658 71
457 1624 501 1657 526
525 1624 698 1657 Cancrum
715 1649 722 1657 .
744 1649 751 1657 .
774 1650 780 1657 .
800 1625 962 1658 dixerunt
986 1636 1022 1658 eo
1045 1627 1146 1668 quod,
1164 1637 1240 1659 cum
1263 1628 1311 1659 ad
1333 1627 1372 1659 id
1394 1627 1528 1668 siqnum
1550 1637 1660 1659 meuse

114 1674 218 1707 Iunio
233 1676 282 1707 sol
303 1675 445 1714 uenerit,
463 1676 717 1717 retroyradz‘tur
735 1676 772 1708 iu
795 1678 934 1709 modum
955 1678 1072 1710 caueri
1090 1678 1322 1720 tremoresque
1337 1679 1409 1711 dies
1416 1678 1509 1720 facit
1596 1678 1660 1710 628

116 1730 184 1759 stat
221 1737 356 1759 summa
389 1727 558 1769 temporis
594 1738 657 1768 per
691 1728 799 1760 omni-s
834 1728 928 1760 luces
964 1732 1163 1771 noctesque,
1199 1741 1311 1772 neque
1341 1731 1434 1762 enim
1464 1730 1575 1762 ullum
1607 1733 1661 1762 est

115 1779 315 1820 νυχθήμερον
331 1779 419 1820 quin
435 1778 600 1812 horarum
617 1779 665 1811 sit
680 1788 774 1811 xx1v
861 1780 925 1811 629
945 1784 1023 1812 tum
1046 1784 1091 1820 M,
1110 1785 1194 1814 tunc
1210 1785 1246 1819 G,
1263 1791 1342 1814 eum
1356 1785 1380 1814 L
1467 1786 1661 1821 properant

112 1832 171 1862 LM
194 1830 270 1863 cod.
290 1830 460 1869 Venetus,
486 1834 656 1869 properat
672 1830 735 1863 GL²
757 1831 803 1863 ad
826 1842 967 1872 campus
989 1833 1312 1872 accommodatum;
1347 1833 1408 1866 sed
1432 1844 1572 1875 campus
1595 1844 1659 1875 pro

113 1882 275 1924 agricolis
298 1882 381 1924 poni
405 1893 474 1914 non
498 1882 628 1924 potuit,
655 1884 774 1924 potuit
800 1883 949 1915 fortasse
975 1895 1066 1924 affer.
1111 1890 1303 1926 properant
1330 1885 1497 1924 homines,
1527 1890 1569 1917 ut
1595 1887 1659 1918 664

113 1934 291 1967 mandant.
342 1933 524 1966 Bentleius
561 1935 687 1966 attulit
710 1934 816 1976 Verg.
844 1946 958 1977 georg.
988 1945 1002 1967 1
1040 1937 1104 1969 316
1141 1947 1191 1978 sq.
1226 1947 1302 1969 cum
1335 1937 1446 1979 flauis
1482 1948 1659 1969 messorem

113 1986 286 2018 induceret
323 1985 422 2017 aruis
441 1986 446 2026 Ι
466 1985 621 2027 ayricola
661 1991 691 2018 et
727 1986 860 2028 fragyili
900 1987 972 2019 iam
1009 1988 1187 2028 striuyeret
1230 1989 1359 2021 hordea
1399 1989 1508 2021 culmo
1595 1989 1659 2020 630

115 2039 123 2055 ‘
138 2037 291 2079 Campus
328 2041 382 2069 est
413 2036 586 2069 Martius'
616 2037 764 2069 Iacobus
860 2041 1052 2078 destringit
1073 2039 1220 2072 Iacobus
1244 2043 1281 2072 et
1304 2043 1395 2072 teste
1420 2040 1544 2072 Ellisio
1580 2041 1654 2073 cod.

112 2088 283 2127 Cusanus,
316 2091 544 2127 destringunt
580 2091 641 2127 GL,
675 2091 878 2128 destrigunt
907 2093 951 2122 M.
1009 2090 1227 2133 destringere
1265 2092 1384 2134 inepte
1413 2092 1584 2124 Vetterus
1622 2093 1656 2124 in

111 2140 201 2172 thes.
218 2140 302 2182 ling.
320 2139 396 2172 Lat.
422 2141 680 2182 interpretatur
709 2141 840 2182 strigili
871 2140 1063 2184 detergere,
1091 2142 1185 2184 quod
1220 2153 1289 2176 non
1325 2147 1408 2175 ante
1444 2143 1657 2184 palaestram

112 2192 174 2224 sed
197 2195 279 2234 post
301 2191 502 2230 faciebant;
525 2192 651 2224 melius
672 2192 731 2224 uel
754 2192 933 2225 destrictis
955 2195 1176 2226 uestimentis
1197 2195 1331 2227 nudata
1349 2195 1505 2227 membra
1521 2196 1656 2228 intelle-

111 2246 279 2286 gerentur
309 2243 366 2275 uel
397 2247 660 2286 compararetur
687 2243 790 2277 Ouid.
818 2255 926 2277 amor.
946 2255 959 2277 1
987 2247 1007 2278 6
1036 2247 1076 2277 14
1102 2246 1238 2279 strictas
1260 2247 1296 2279 in
1318 2257 1394 2279 mea
1411 2247 1498 2289 fata
1520 2258 1652 2280 manus.

111 2296 174 2328 sed.
201 2296 334 2327 frustra
361 2305 467 2337 opera
494 2295 685 2328 insumitur
714 2296 751 2327 in
781 2296 989 2338 explicando
1020 2297 1128 2330 uerbo
1158 2298 1251 2340 quod
1278 2309 1321 2330 ex
1348 2310 1452 2331 uersu
1479 2300 1657 2342 superiore

111 2347 250 2380 uenisse
274 2349 433 2388 apparet,
452 2349 493 2379 ut
516 2358 560 2379 ne
583 2347 839 2380 emendationis
862 2348 1004 2390 quidem
1028 2350 1255 2392 temptandae
1278 2353 1375 2383 certa
1397 2351 1489 2383 ratio
1512 2352 1570 2391 sit,
1589 2352 1658 2384 nisi

113 2398 209 2441 quod
233 2398 422 2440 singularis
445 2409 611 2431 numerus
633 2402 714 2432 tuto
737 2400 941 2432 restituitur
1029 2401 1090 2432 631
1114 2404 1274 2440 tepidum
1297 2402 1371 2434 cod.
1395 2403 1487 2436 Flor.
1511 2403 1653 2445 aliique,

109 2453 289 2489 trepidum
312 2453 372 2488 GL,
397 2453 571 2488 templum
594 2453 640 2490 M,
664 2461 812 2493 quarum
836 2451 1027 2484 lectionum
1053 2452 1169 2484 media
1192 2457 1245 2485 est
1268 2453 1441 2495 tepidum:
1476 2455 1654 2497 trepidum

108 2502 253 2545 pelagus
272 2502 398 2534 Latine
414 2501 485 2534 dici
501 2513 570 2534 non
586 2506 685 2544 puto,
699 2503 766 2535 etsi
779 2513 906 2545 aquam
923 2504 1160 2546 trepidantem
1177 2505 1272 2544 noui,
1284 2506 1419 2538 scilicet
1431 2517 1495 2547 per
1503 2517 1653 2548 pronum

109 2554 228 2586 riuum
317 2553 561 2586 iactatumnec
574 2555 750 2586 sententia
761 2555 923 2587 admittit
935 2559 971 2587 et
984 2556 1134 2598 requirit
1146 2557 1259 2589 oratio
1271 2557 1444 2590 undarum
1457 2558 1652 2600 epitheton,

111 2606 204 2639 sicut
235 2605 300 2638 652
330 2605 499 2637 habemus
529 2605 607 2637 miti
632 2606 777 2647 pelaqus
807 2607 1032 2639 consternitur
1061 2609 1166 2640 unda.
1220 2612 1416 2642 ceterorum
1446 2611 1655 2643 coniecturis

111 2657 224 2690 multo
251 2657 404 2689 antistat
435 2667 475 2688 ea
505 2667 611 2699 quam
637 2657 763 2689 Ieuero
789 2657 924 2690 Lucani
951 2669 971 2690 a
998 2658 1035 2692 C.
1062 2659 1099 2691 F.
1121 2659 1273 2692 VVebero
1297 2661 1387 2693 editi
1411 2662 1480 2694 uol.
1505 2671 1519 2694 1
1541 2673 1575 2705 p.
1589 2663 1654 2697 457

107 2712 300 2752 praeeunte
322 2708 504 2740 Breiterus
524 2709 561 2740 in
581 2708 699 2741 Fleck.
719 2709 835 2743 annal.
855 2710 924 2742 uol.
946 2711 1008 2743 139
1023 2721 1057 2753 p.
1077 2712 1142 2746 704
1160 2713 1311 2754 protulit
1324 2719 1501 2754 pacatas
1513 2726 1523 2753 3
1547 2718 1653 2757 atque

112 2761 221 2794 etiam
238 2761 275 2793 in
291 2759 395 2793 Ouid.
416 2760 488 2792 her.
508 2768 575 2792 XIX
592 2759 634 2795 77
650 2765 686 2792 ac
702 2760 767 2793 cito
784 2766 918 2793 mutata
941 2767 987 2794 est
1010 2762 1133 2795 iactati
1144 2763 1269 2804 forma
1284 2764 1459 2806 profimdi
1473 2765 1654 2798 Bentleius

109 2823 147 2846 re
163 2822 334 2855 perpensa
349 2811 470 2853 pacati
484 2812 666 2854 expectari
689 2812 878 2846 intellexit.
927 2814 1081 2846 tironum
1098 2818 1152 2847 est
1174 2820 1246 2848 tum
1261 2816 1392 2849 litteris
1407 2827 1470 2859 pro
1486 2819 1654 2860 temporis

105 2864 281 2908 particula
297 2863 451 2906 acceptis
467 2863 683 2906 anaphoram
704 2875 926 2907 corrumpere
942 2866 1033 2898 uelle
1052 2867 1176 2899 tacitas
1192 2872 1263 2900 tum
1278 2867 1451 2901 similiaue
1467 2869 1652 2902 scribendo
