1877 3146
166 145 217 184 12
759 141 821 183 Μ.
854 140 1106 183 MANILII

342 255 385 297 in
405 260 526 297 sexta
547 254 664 296 diues
685 258 934 295 numeratur
954 252 1074 308 copia
1093 252 1192 294 sede

341 335 471 384 atque
491 329 693 370 adiuncta
714 328 826 370 salus
846 342 998 376 rerum,
1023 341 1203 382 quarum
1223 327 1356 367 altera
1378 327 1528 381 quanti

222 412 287 443 125
343 404 593 458 contingant
613 417 714 444 usus
735 407 892 451 monet,
915 402 1047 442 altera
1069 415 1199 456 quam
1219 400 1422 450 diuturni,

342 478 480 520 sidera
499 483 549 518 ut
569 476 775 518 inclinant
794 476 904 517 uires
926 481 967 517 et
986 475 1148 530 templa
1168 475 1418 530 gubernant.

341 552 523 607 septima
543 556 738 592 censetur
757 550 894 592 saeuis
915 549 1123 592 horrenda
1144 549 1321 604 periclis,

341 627 376 668 si
397 626 506 667 male
524 624 798 666 subscribunt
818 624 964 666 stellae
984 638 1058 679 per
1077 623 1196 678 signa
1215 623 1391 664 locatae.

340 701 540 743 nobilitas
559 705 678 742 tenet
699 705 909 749 octauam,
933 713 1018 753 qua
1038 703 1207 739 constat
1227 697 1395 739 honoris

221 784 286 816 130
343 775 534 818 condicio
555 780 597 816 et
617 774 756 815 famae
777 773 927 815 modus
949 778 990 814 et
1010 787 1141 828 genus
1162 777 1206 814 et
1225 772 1413 827 specioso

342 850 477 906 gratia
498 854 734 905 praetexto.
785 863 921 889 nonus
941 847 1056 889 locus
1078 852 1259 902 occupat
1279 861 1449 888 omnem

342 930 570 981 gnatorum
588 929 748 965 sortem
767 922 943 964 dubiam
962 921 1207 977 patriosque
1226 921 1399 962 timores

342 999 569 1053 omniaque
589 998 804 1039 infantum
824 997 958 1038 mixta
980 996 1161 1038 nutricia
1180 995 1320 1037 turba.

338 1074 438 1130 'huic
459 1073 622 1115 uicinus
643 1072 733 1123 erit,
756 1072 872 1114 uitae
893 1072 964 1127 qui
985 1071 1174 1113 continet
1195 1076 1353 1120 aetum,

161 1187 290 1218 iustam
313 1185 537 1217 offensionem
559 1194 633 1215 esse
655 1183 794 1215 ostendi
812 1183 856 1214 ad
873 1192 886 1214 1
902 1184 963 1217 271
981 1194 988 1214 :
1013 1181 1183 1223 exemplis
1204 1180 1254 1212 ibi
1276 1180 1405 1212 adlatis
1426 1179 1595 1212 accedant
1610 1188 1624 1211 1
1640 1179 1707 1212 504

161 1249 201 1270 ex
228 1237 391 1269 diuerso
417 1240 652 1274 uertentem,
683 1244 712 1266 11
738 1236 780 1266 45
801 1234 888 1275 fata
918 1234 1045 1274 refert
1076 1233 1250 1274 uitamque
1276 1243 1340 1264 sua
1365 1233 1483 1264 radice
1504 1231 1701 1272 ferentis,

160 1299 185 1321 v
212 1290 253 1322 68
281 1287 465 1326 eaetollit,
497 1286 653 1327 primum
684 1286 765 1326 iugya
796 1285 921 1324 tollit,
946 1284 1029 1316 Luc.
1061 1293 1133 1316 V111
1163 1285 1227 1316 462
1258 1288 1494 1315 transuerso
1524 1282 1708 1314 uertitur

160 1346 266 1379 aestu,
297 1340 357 1373 Sil.
386 1348 442 1370 vu
473 1339 533 1370 421
567 1337 721 1370 cautibus
751 1336 917 1369 obiectis
947 1336 1117 1368 reiectat
1148 1335 1299 1374 caerula,
1333 1333 1435 1367 Ouid.
1470 1337 1552 1366 met.
1584 1342 1610 1365 v
1641 1334 1702 1366 161

159 1393 407 1432 aduersaque
438 1389 474 1421 in
505 1389 645 1430 aymina
677 1399 834 1428 uersus,
864 1388 968 1419 Aetn.
1001 1388 1062 1419 122
1093 1386 1234 1418 trahat
1265 1397 1305 1418 ex
1333 1386 1432 1427 pleno
1462 1385 1552 1427 qnod
1571 1385 1704 1426 fortem

160 1443 377 1476 contrahat
405 1452 551 1479 amnem,
576 1440 750 1482 Egnatius
775 1450 829 1482 ap.
858 1440 967 1471 Macr.
996 1439 1067 1471 Sat.
1088 1448 1128 1470 VI
1149 1439 1169 1470 5
1194 1439 1234 1470 12
1252 1438 1357 1478 pulsa
1379 1438 1449 1469 loco
1476 1437 1593 1469 cessit
1620 1447 1705 1469 con-

161 1496 300 1528 cedens
321 1493 451 1526 lucibus
540 1491 602 1523 124
625 1492 717 1523 salus
740 1502 856 1523 rerum
881 1493 888 1507 ‘
901 1490 1120 1522 eonseruatio
1141 1489 1366 1522 diuitiarum'
1390 1489 1520 1531 Fayus,
1538 1491 1644 1528 recte,
1663 1491 1705 1520 ut

160 1546 316 1579 ostendit
346 1555 468 1577 uersus
500 1545 703 1585 insequens:
742 1542 824 1574 uide
855 1542 926 1575 Cic.
961 1551 990 1574 11
1022 1542 1123 1573 Verr.
1156 1550 1186 1573 11
1219 1542 1258 1573 16
1289 1540 1509 1573 existimant.
1531 1564 1538 1572 .
1559 1565 1567 1573 .
1585 1550 1706 1572 rerum

151 1599 444 1640 fortunarumque
463 1606 606 1628 suarum
630 1596 773 1626 salutem
790 1619 797 1626 .
819 1619 826 1626 .
848 1619 855 1626 .
876 1594 913 1625 in
935 1593 1034 1625 istius
1057 1593 1275 1625 damnatione
1299 1592 1485 1624 consistere.
1534 1591 1639 1624 aliter
1659 1591 1703 1623 de

160 1649 359 1682 hominibus
392 1648 474 1680 Luc.
502 1657 531 1679 11
558 1647 620 1678 221
650 1657 699 1688 sq.
728 1646 822 1678 hisne
849 1646 941 1677 salus
968 1656 1084 1677 rernm
1102 1670 1109 1676 .
1130 1669 1137 1677 .
1159 1669 1166 1677 .
1186 1644 1285 1677 Sulla
1315 1643 1436 1676 uocari
1451 1668 1459 1676 .
1481 1668 1489 1676 .
1510 1667 1518 1676 .
1538 1642 1662 1676 meruit
1673 1643 1702 1680 ?,

160 1703 267 1734 Mart.
289 1710 317 1732 11
339 1701 377 1732 91
404 1701 418 1731 l
439 1709 555 1731 rerum
572 1703 663 1730 certa
675 1698 768 1730 salus
785 1722 793 1730 .
814 1722 821 1729 .
843 1722 850 1730 .
872 1697 1013 1735 Caesar,
1027 1706 1050 1728 v
1070 1698 1084 1728 1
1104 1698 1122 1731 7
1139 1707 1157 1728 ο
1174 1707 1289 1728 rerum
1306 1695 1398 1736 felix
1413 1695 1519 1727 tutela
1530 1695 1698 1736 salusque,

159 1763 232 1785 V111
248 1754 289 1786 66
306 1754 325 1784 6
341 1762 456 1783 rerum
479 1751 595 1792 prima
616 1750 709 1781 salus
731 1754 760 1781 et
781 1760 852 1781 una
874 1749 1003 1781 Caesar
1092 1748 1152 1779 125
1169 1751 1288 1780 monet
1304 1750 1362 1786 GL,
1381 1750 1501 1779 mouet
1516 1750 1550 1779 M
1640 1745 1707 1778 126

160 1812 201 1837 ut
224 1805 387 1847 planetae
411 1803 584 1834 inclinant
605 1802 698 1833 uires
720 1801 823 1833 huius
845 1800 938 1832 sedis
960 1804 996 1832 et
1017 1803 1058 1832 ut
1082 1799 1215 1841 templa
1237 1798 1489 1840 (dodecatropi,
1511 1807 1541 1830 11
1562 1798 1636 1836 959,
1656 1806 1704 1829 111

159 1858 234 1895 583,
265 1857 339 1894 586,
371 1856 446 1893 614)
474 1865 531 1885 eas
559 1853 780 1895 gubernant:
812 1852 895 1884 uide
923 1861 968 1884 111
995 1853 1037 1884 89
1064 1862 1114 1893 sq.
1208 1851 1268 1882 127
1296 1853 1460 1882 censetur
1486 1849 1561 1882 eod.
1592 1849 1700 1888 Flor„

159 1912 347 1941 censentur
370 1909 464 1938 ΘΒΜ.
515 1909 666 1938 censetur
688 1908 729 1936 ut
753 1913 782 1936 11
805 1905 891 1938 667:
921 1914 1044 1936 census
1067 1903 1237 1944 septimae
1261 1901 1353 1934 sedis
1377 1903 1412 1933 in
1434 1901 1600 1944 periculis
1623 1911 1704 1933 con·

159 1960 255 1992 sistit
344 1958 405 1989 128
433 1958 462 1989 si
488 1957 575 1989 male
603 1957 742 1998 inquit;
775 1956 860 1998 quid
888 1959 1018 1994 autem,
1049 1955 1078 1986 si
1105 1954 1217 1986 bene?
1261 1953 1374 1995 qualis
1401 1953 1561 1995 quaestio
1588 1953 1704 1984 oritur

159 2012 266 2043 etiam
293 2012 365 2049 155,
386 2011 461 2047 585,
481 2010 544 2040 590
632 2007 842 2040 subscribunt
866 2006 951 2049 quid
975 2005 1150 2048 significet
1173 2005 1247 2037 dixi
1270 2004 1315 2036 ad
1339 2014 1368 2036 11
1393 2005 1455 2037 835
1545 2003 1608 2035 129
1630 2012 1707 2042 qua.

160 2062 235 2095 cod.
257 2062 362 2100 Flor.‚
385 2070 454 2099 quo
475 2063 566 2092 GLM.
617 2070 687 2100 qua
710 2063 850 2097 constat,
872 2058 965 2090 unde
988 2057 1131 2100 pendet,
1156 2061 1196 2088 ut
1219 2057 1281 2089 140
1303 2067 1372 2097 qna
1396 2057 1517 2095 (sorte)
1541 2055 1702 2088 ualetudo

160 2119 299 2152 constat,
319 2122 347 2145 11
365 2113 405 2145 98
422 2112 517 2143 sidus
533 2111 640 2143 sidere
657 2116 789 2143 constas
879 2109 942 2140 130
961 2111 1117 2148 specioso
1133 2108 1215 2147 ΠΜ,
1235 2110 1414 2146 speciosus
1430 2110 1465 2145 L,
1483 2109 1660 2146 spatiosus
1677 2111 1707 2141 G»

247 2165 308 2196 131
332 2168 518 2205 praetexto,
535 2164 756 2203 προσχήματι,
771 2161 850 2193 Val.
869 2161 963 2192 Max.
981 2170 1036 2192 vu
1052 2162 1066 2192 1
1084 2162 1098 2192 1
1114 2160 1306 2192 consulatus
1318 2159 1427 2196 decue,
1441 2159 1703 2200 imperatoriam

155 2221 365 2258 potestatem,
384 2214 673 2256 speciosissimi
697 2212 865 2254 triumphi
883 2217 1145 2254 praetextum
1167 2211 1297 2251 larqita
1313 2215 1367 2249 est,
1388 2211 1408 2243 3
1424 2212 1443 2243 8
1460 2210 1701 2251 mayistratum

157 2280 193 2310 p.
209 2269 248 2300 R.
264 2268 389 2299 abiecto
402 2266 538 2299 honoris
552 2270 736 2306 praetexto,
754 2267 773 2297 5
790 2266 809 2297 6
824 2265 902 2304 plus
915 2264 1061 2296 moribus
1078 2263 1146 2295 suis
1159 2268 1347 2304 praeturae
1362 2261 1492 2294 decoris
1507 2261 1706 2294 adiecturus

160 2331 262 2361 quam
283 2323 460 2359 praetexto
484 2317 555 2349 eius
578 2317 768 2358 splendoris
791 2315 862 2357 ipse
885 2316 1030 2353 laturus,
1054 2324 1093 2346 IV
1112 2316 1132 2346 4
1152 2315 1166 2346 1
1190 2313 1421 2345 maximorum
1442 2323 1582 2354 operum
1599 2324 1701 2354 prae-

161 2376 248 2403 texto
270 2371 406 2402 titulum
427 2368 617 2409 imaqinum
636 2378 779 2400 suarum
799 2366 1040 2408 amplificauit,
1059 2366 1137 2398 Sen.
1161 2376 1213 2407 ep.
1234 2365 1273 2399 71
1296 2365 1316 2397 9
1333 2364 1420 2396 illud
1430 2364 1703 2406 pulcherrimum

159 2434 188 2455 r.
204 2433 241 2463 p.
264 2426 492 2463 praeteaetnm,
514 2420 703 2461 optimates,
729 2419 808 2451 Tac.
833 2419 915 2450 hist.
944 2427 957 2449 1
976 2419 1018 2453 76
1038 2422 1110 2449 erat
1131 2417 1261 2457 =(Ji-ande
1284 2421 1488 2448 momentum
1510 2416 1548 2448 in
1568 2416 1702 2449 nomine

160 2474 254 2506 urbis
275 2484 313 2505 ac
330 2477 509 2514 praetexto
530 2476 676 2503 senatus.
725 2470 790 2502 hoc
814 2481 856 2502 ex
880 2469 955 2501 cod.
983 2469 1121 2500 Veneto
1144 2468 1286 2500 restitui
1309 2468 1412 2500 iussit
1435 2467 1632 2500 Gronouius
1654 2467 1705 2500 ad.

161 2525 311 2558 Senecae
342 2525 468 2563 locum,
499 2534 577 2555 cum
608 2522 761 2554 editores
789 2521 887 2553 codd.
920 2532 1006 2552 rece.
1038 2520 1149 2552 secuti
1173 2524 1354 2560 praetextu
1379 2519 1605 2561 uulgassent;
1638 2529 1705 2551 nee

161 2580 279 2609 tamen
317 2576 479 2617 cuiquam
517 2574 692 2616 persuasit
736 2578 875 2615 praeter
918 2572 1128 2604 Bechertum
1233 2570 1295 2601 132
1328 2574 1495 2602 natorum
1533 2569 1696 2612 Scaliger,

160 2631 347 2667 gratorum
375 2630 444 2665 LM,
474 2629 630 2658 fatorum
660 2624 723 2657 GL2
812 2624 873 2654 133
899 2626 1076 2655 infantum
1107 2622 1271 2664 Scaliger,
1304 2624 1504 2654 intrantum
1533 2621 1614 2653 libri

207 2679 367 2716 nutricia,
397 2688 437 2709 ea
463 2689 551 2719 quae
572 2677 750 2714 nutriunt,
775 2677 923 2716 τροφάσ;
959 2675 1064 2717 paulo
1086 2674 1192 2706 aliter
1215 2683 1255 2705 1v
1278 2675 1341 2708 879
1360 2678 1505 2714 partum
1527 2672 1614 2704 caeli
1635 2683 1703 2705 sua

157 2741 223 2772 per
245 2729 392 2762 nutrt'cia
407 2729 516 2770 serre,
543 2729 618 2760 loca
641 2728 702 2759 ubi
725 2728 883 2759 nutritus
907 2730 961 2758 est
1050 2725 1112 2756 134
1142 2725 1234 2757 uitae
1261 2729 1357 2756 actus
1383 2724 1468 2766 quid
1493 2724 1541 2755 sit
1567 2723 1702 2766 optime

161 2781 381 2823 intellegitur
406 2791 447 2811 ex
472 2779 549 2812 Sen.
577 2779 658 2811 dial.
686 2788 742 2810 vn
767 2779 809 2810 26
831 2780 852 2809 4
875 2788 914 2809 ne
938 2778 986 2809 ad
1006 2776 1179 2818 opiniones
1203 2781 1333 2808 uestras
1355 2780 1469 2808 actum
1491 2775 1583 2807 uitae
1607 2785 1701 2807 meae

154 2833 333 2874 flecterem.
382 2831 547 2863 actionem
568 2830 660 2862 uitae
679 2834 715 2862 et
737 2840 844 2861 mores
865 2829 1047 2870 coniungit
1069 2827 1191 2861 Cicero
1212 2827 1255 2859 de
1277 2827 1348 2859 diu.
1374 2835 1404 2858 11
1425 2827 1477 2859 89.
1526 2826 1704 2858 Firmicus

161 2884 270 2917 locum
299 2888 395 2915 actus
421 2893 499 2914 cum
530 2882 605 2914 loco
635 2881 811 2913 Fortunae
842 2882 1090 2912 commemorat
1117 2888 1171 2911 vn
1201 2879 1244 2911 26
1275 2881 1295 2910 4
1321 2881 1356 2910 et
1381 2879 1401 2911 6
1427 2881 1464 2910 et
1490 2878 1509 2910 8
1532 2880 1570 2910 et
1592 2878 1612 2910 9
