<?xml version="1.0" encoding="UTF-8"?>
<!DOCTYPE html PUBLIC "-//W3C//DTD XHTML 1.0 Transitional//EN"
    "http://www.w3.org/TR/xhtml1/DTD/xhtml1-transitional.dtd">
<html xmlns="http://www.w3.org/1999/xhtml" xml:lang="en" lang="en">
 <head>
  <title>
</title>
<meta http-equiv="Content-Type" content="text/html;charset=utf-8" />
  <meta name='ocr-system' content='tesseract 3.04.00' />
  <meta name='ocr-capabilities' content='ocr_page ocr_carea ocr_par ocr_line ocrx_word'/>
</head>
<body>
  <div class='ocr_page' id='page_1' title='image "astronomiconrece03maniuoft_0073.png"; bbox 0 0 1877 3146; ppageno 0'>
   <div class='ocr_carea' id='block_1_1' title="bbox 627 108 1698 152">
    <p class='ocr_par' dir='ltr' id='par_1_1' title="bbox 627 108 1698 152">
     <span class='ocr_line' id='line_1_1' title="bbox 627 108 1698 152; baseline -0.002 0"><span class='ocrx_word' id='word_1_1' title='bbox 627 108 1111 152; x_wconf 84' lang='lat' dir='ltr'>ASTRONOMICON</span> <span class='ocrx_word' id='word_1_2' title='bbox 1152 109 1227 151; x_wconf 90' lang='lat' dir='ltr'>III</span> <span class='ocrx_word' id='word_1_3' title='bbox 1644 112 1698 151; x_wconf 87' lang='grc'>39</span> 
     </span>
    </p>
   </div>
   <div class='ocr_carea' id='block_1_2' title="bbox 212 221 1523 797">
    <p class='ocr_par' dir='ltr' id='par_1_2' title="bbox 212 221 1523 574">
     <span class='ocr_line' id='line_1_2' title="bbox 212 221 1316 277; baseline 0.002 -17"><span class='ocrx_word' id='word_1_4' title='bbox 212 229 281 261; x_wconf 87' lang='grc'>400</span> <span class='ocrx_word' id='word_1_5' title='bbox 337 228 383 264; x_wconf 89' lang='lat' dir='ltr'>at</span> <span class='ocrx_word' id='word_1_6' title='bbox 403 237 511 277; x_wconf 85' lang='lat' dir='ltr'>quae</span> <span class='ocrx_word' id='word_1_7' title='bbox 530 222 748 264; x_wconf 85' lang='lat' dir='ltr'>nocturnis</span> <span class='ocrx_word' id='word_1_8' title='bbox 767 222 896 264; x_wconf 85' lang='lat' dir='ltr'>fuerit</span> <span class='ocrx_word' id='word_1_9' title='bbox 916 236 1112 263; x_wconf 87' lang='lat' dir='ltr'>mensura</span> <span class='ocrx_word' id='word_1_10' title='bbox 1131 221 1316 264; x_wconf 90' lang='lat' dir='ltr'>tenebris</span> 
     </span>
     <span class='ocr_line' id='line_1_3' title="bbox 337 296 1371 351; baseline 0.001 -14"><span class='ocrx_word' id='word_1_11' title='bbox 337 297 380 337; x_wconf 92' lang='lat' dir='ltr'>in</span> <span class='ocrx_word' id='word_1_12' title='bbox 398 296 583 339; x_wconf 88' lang='lat' dir='ltr'>totidem</span> <span class='ocrx_word' id='word_1_13' title='bbox 603 302 745 351; x_wconf 89' lang='lat' dir='ltr'>partes</span> <span class='ocrx_word' id='word_1_14' title='bbox 764 296 890 338; x_wconf 82' lang='lat' dir='ltr'>simili</span> <span class='ocrx_word' id='word_1_15' title='bbox 909 296 1074 338; x_wconf 89' lang='lat' dir='ltr'>ratione</span> <span class='ocrx_word' id='word_1_16' title='bbox 1092 296 1274 338; x_wconf 84' lang='lat' dir='ltr'>secanda</span> <span class='ocrx_word' id='word_1_17' title='bbox 1295 301 1371 346; x_wconf 87' lang='lat' dir='ltr'>est,</span> 
     </span>
     <span class='ocr_line' id='line_1_4' title="bbox 336 369 1523 425; baseline -0.001 -13"><span class='ocrx_word' id='word_1_18' title='bbox 336 376 399 421; x_wconf 87' lang='lat' dir='ltr'>ut,</span> <span class='ocrx_word' id='word_1_19' title='bbox 423 377 633 425; x_wconf 89' lang='lat' dir='ltr'>quantum</span> <span class='ocrx_word' id='word_1_20' title='bbox 652 385 738 412; x_wconf 91' lang='lat' dir='ltr'>una</span> <span class='ocrx_word' id='word_1_21' title='bbox 757 370 881 421; x_wconf 86' lang='lat' dir='ltr'>ferat,</span> <span class='ocrx_word' id='word_1_22' title='bbox 902 376 1077 413; x_wconf 85' lang='lat' dir='ltr'>tantum</span> <span class='ocrx_word' id='word_1_23' title='bbox 1095 370 1311 412; x_wconf 82' lang='lat' dir='ltr'>tribuatur</span> <span class='ocrx_word' id='word_1_24' title='bbox 1330 369 1385 411; x_wconf 92' lang='lat' dir='ltr'>ad</span> <span class='ocrx_word' id='word_1_25' title='bbox 1405 375 1523 411; x_wconf 84' lang='lat' dir='ltr'>ortus</span> 
     </span>
     <span class='ocr_line' id='line_1_5' title="bbox 336 444 1243 500; baseline -0.001 -14"><span class='ocrx_word' id='word_1_26' title='bbox 336 445 540 500; x_wconf 88' lang='lat' dir='ltr'>temporis</span> <span class='ocrx_word' id='word_1_27' title='bbox 560 459 710 486; x_wconf 89' lang='lat' dir='ltr'>auerso</span> <span class='ocrx_word' id='word_1_28' title='bbox 729 445 920 487; x_wconf 89' lang='lat' dir='ltr'>nascenti</span> <span class='ocrx_word' id='word_1_29' title='bbox 940 444 1074 486; x_wconf 90' lang='lat' dir='ltr'>sidere</span> <span class='ocrx_word' id='word_1_30' title='bbox 1094 444 1243 486; x_wconf 84' lang='lat' dir='ltr'>Tauro.</span> 
     </span>
     <span class='ocr_line' id='line_1_6' title="bbox 338 518 1341 574; baseline -0.001 -14"><span class='ocrx_word' id='word_1_31' title='bbox 338 519 415 560; x_wconf 88' lang='lat' dir='ltr'>has</span> <span class='ocrx_word' id='word_1_32' title='bbox 434 519 544 560; x_wconf 89' lang='lat' dir='ltr'>inter</span> <span class='ocrx_word' id='word_1_33' title='bbox 565 533 757 574; x_wconf 87' lang='lat' dir='ltr'>quasque</span> <span class='ocrx_word' id='word_1_34' title='bbox 776 519 955 574; x_wconf 88' lang='lat' dir='ltr'>accipiet</span> <span class='ocrx_word' id='word_1_35' title='bbox 975 518 1198 560; x_wconf 81' lang='lat' dir='ltr'>Nemeeius</span> <span class='ocrx_word' id='word_1_36' title='bbox 1217 518 1341 559; x_wconf 87' lang='lat' dir='ltr'>horas</span> 
     </span>
    </p>

    <p class='ocr_par' dir='ltr' id='par_1_3' title="bbox 213 592 1441 797">
     <span class='ocr_line' id='line_1_7' title="bbox 213 592 1394 648; baseline 0.002 -17"><span class='ocrx_word' id='word_1_37' title='bbox 213 600 282 632; x_wconf 86' lang='lat'>405</span> <span class='ocrx_word' id='word_1_38' title='bbox 339 593 453 648; x_wconf 89' lang='lat' dir='ltr'>quod</span> <span class='ocrx_word' id='word_1_39' title='bbox 474 593 698 634; x_wconf 85' lang='lat' dir='ltr'>discrimen</span> <span class='ocrx_word' id='word_1_40' title='bbox 719 593 811 643; x_wconf 87' lang='lat' dir='ltr'>erit,</span> <span class='ocrx_word' id='word_1_41' title='bbox 833 607 908 648; x_wconf 88' lang='lat' dir='ltr'>per</span> <span class='ocrx_word' id='word_1_42' title='bbox 925 593 1003 634; x_wconf 89' lang='lat' dir='ltr'>tris</span> <span class='ocrx_word' id='word_1_43' title='bbox 1022 592 1065 634; x_wconf 92' lang='lat' dir='ltr'>id</span> <span class='ocrx_word' id='word_1_44' title='bbox 1085 592 1228 634; x_wconf 88' lang='lat' dir='ltr'>diuide</span> <span class='ocrx_word' id='word_1_45' title='bbox 1247 592 1394 647; x_wconf 85' lang='lat' dir='ltr'>partis,</span> 
     </span>
     <span class='ocr_line' id='line_1_8' title="bbox 336 666 1419 722; baseline -0.002 -13"><span class='ocrx_word' id='word_1_46' title='bbox 336 667 464 709; x_wconf 85' lang='lat' dir='ltr'>tertia</span> <span class='ocrx_word' id='word_1_47' title='bbox 484 673 533 709; x_wconf 82' lang='lat' dir='ltr'>ut</span> <span class='ocrx_word' id='word_1_48' title='bbox 553 667 728 709; x_wconf 87' lang='lat' dir='ltr'>accedat</span> <span class='ocrx_word' id='word_1_49' title='bbox 750 667 950 717; x_wconf 79' lang='lat' dir='ltr'>Geminis,</span> <span class='ocrx_word' id='word_1_50' title='bbox 974 681 1058 722; x_wconf 88' lang='lat' dir='ltr'>qua</span> <span class='ocrx_word' id='word_1_51' title='bbox 1077 673 1271 721; x_wconf 84' lang='lat' dir='ltr'>tempora</span> <span class='ocrx_word' id='word_1_52' title='bbox 1293 666 1419 708; x_wconf 87' lang='lat' dir='ltr'>Tauri</span> 
     </span>
     <span class='ocr_line' id='line_1_9' title="bbox 338 741 1441 797; baseline -0.001 -15"><span class='ocrx_word' id='word_1_53' title='bbox 338 742 525 792; x_wconf 75' lang='lat' dir='ltr'>uincent,</span> <span class='ocrx_word' id='word_1_54' title='bbox 548 747 679 797; x_wconf 87' lang='lat' dir='ltr'>atque</span> <span class='ocrx_word' id='word_1_55' title='bbox 699 741 848 783; x_wconf 88' lang='lat' dir='ltr'>eadem</span> <span class='ocrx_word' id='word_1_56' title='bbox 868 741 1028 783; x_wconf 84' lang='lat' dir='ltr'>Cancro</span> <span class='ocrx_word' id='word_1_57' title='bbox 1047 741 1279 795; x_wconf 86' lang='lat' dir='ltr'>similisque</span> <span class='ocrx_word' id='word_1_58' title='bbox 1299 741 1441 792; x_wconf 90' lang='lat' dir='ltr'>Leoni,</span> 
     </span>
    </p>
   </div>
   <div class='ocr_carea' id='block_1_3' title="bbox 155 881 1706 2886">
    <p class='ocr_par' dir='ltr' id='par_1_4' title="bbox 156 881 1703 1387">
     <span class='ocr_line' id='line_1_10' title="bbox 158 881 1699 921; baseline 0 -8"><span class='ocrx_word' id='word_1_59' title='bbox 158 886 239 914; x_wconf 85' lang='lat' dir='ltr'>ante</span> <span class='ocrx_word' id='word_1_60' title='bbox 261 893 291 914; x_wconf 90' lang='lat' dir='ltr'>u.</span> <span class='ocrx_word' id='word_1_61' title='bbox 311 883 377 915; x_wconf 83' lang='lat'>294</span> <span class='ocrx_word' id='word_1_62' title='bbox 397 883 432 914; x_wconf 88' lang='lat' dir='ltr'>in</span> <span class='ocrx_word' id='word_1_63' title='bbox 454 886 487 914; x_wconf 88' lang='lat' dir='ltr'><strong>M</strong></span> <span class='ocrx_word' id='word_1_64' title='bbox 510 886 609 915; x_wconf 84' lang='lat' dir='ltr'>extat</span> <span class='ocrx_word' id='word_1_65' title='bbox 632 883 760 915; x_wconf 90' lang='lat' dir='ltr'>titulus</span> <span class='ocrx_word' id='word_1_66' title='bbox 784 883 952 921; x_wconf 81' lang='lat' dir='ltr'>decanico,</span> <span class='ocrx_word' id='word_1_67' title='bbox 972 883 1001 914; x_wconf 89' lang='lat' dir='ltr'>is</span> <span class='ocrx_word' id='word_1_68' title='bbox 1021 893 1099 914; x_wconf 84' lang='lat' dir='ltr'>cum</span> <span class='ocrx_word' id='word_1_69' title='bbox 1116 882 1152 913; x_wconf 90' lang='lat' dir='ltr'>in</span> <span class='ocrx_word' id='word_1_70' title='bbox 1169 885 1194 914; x_wconf 84' lang='lat' dir='ltr'>G</span> <span class='ocrx_word' id='word_1_71' title='bbox 1211 885 1247 914; x_wconf 89' lang='lat' dir='ltr'>et</span> <span class='ocrx_word' id='word_1_72' title='bbox 1263 885 1286 913; x_wconf 82' lang='grc' dir='ltr'>Ι.</span> <span class='ocrx_word' id='word_1_73' title='bbox 1302 882 1393 914; x_wconf 86' lang='lat' dir='ltr'>desit</span> <span class='ocrx_word' id='word_1_74' title='bbox 1410 881 1483 913; x_wconf 90' lang='lat' dir='ltr'>sine</span> <span class='ocrx_word' id='word_1_75' title='bbox 1499 882 1699 920; x_wconf 86' lang='lat' dir='ltr'>interuallo,</span> 
     </span>
     <span class='ocr_line' id='line_1_11' title="bbox 158 933 1697 976; baseline -0.001 -10"><span class='ocrx_word' id='word_1_76' title='bbox 158 934 255 965; x_wconf 87' lang='lat' dir='ltr'>nulla</span> <span class='ocrx_word' id='word_1_77' title='bbox 278 945 382 966; x_wconf 88' lang='lat' dir='ltr'>causa</span> <span class='ocrx_word' id='word_1_78' title='bbox 399 938 454 966; x_wconf 86' lang='lat' dir='ltr'>est</span> <span class='ocrx_word' id='word_1_79' title='bbox 470 945 531 966; x_wconf 89' lang='lat' dir='ltr'>cur</span> <span class='ocrx_word' id='word_1_80' title='bbox 548 935 583 966; x_wconf 90' lang='lat' dir='ltr'>in</span> <span class='ocrx_word' id='word_1_81' title='bbox 600 935 661 966; x_wconf 91' lang='lat' dir='ltr'>illo</span> <span class='ocrx_word' id='word_1_82' title='bbox 678 934 796 966; x_wconf 88' lang='lat' dir='ltr'>codice</span> <span class='ocrx_word' id='word_1_83' title='bbox 813 935 849 965; x_wconf 89' lang='lat' dir='ltr'>in</span> <span class='ocrx_word' id='word_1_84' title='bbox 865 945 934 976; x_wconf 88' lang='lat' dir='ltr'>quo</span> <span class='ocrx_word' id='word_1_85' title='bbox 951 934 1075 966; x_wconf 78' lang='lat' dir='ltr'>turbae</span> <span class='ocrx_word' id='word_1_86' title='bbox 1099 934 1214 966; x_wconf 85' lang='lat' dir='ltr'>factae</span> <span class='ocrx_word' id='word_1_87' title='bbox 1238 936 1321 965; x_wconf 87' lang='lat' dir='ltr'>sunt</span> <span class='ocrx_word' id='word_1_88' title='bbox 1343 933 1499 965; x_wconf 83' lang='lat' dir='ltr'>adfuisse</span> <span class='ocrx_word' id='word_1_89' title='bbox 1522 933 1697 965; x_wconf 87' lang='lat' dir='ltr'>credatur.</span> 
     </span>
     <span class='ocr_line' id='line_1_12' title="bbox 157 984 1703 1027; baseline -0.001 -10"><span class='ocrx_word' id='word_1_90' title='bbox 157 996 221 1027; x_wconf 89' lang='lat' dir='ltr'>par</span> <span class='ocrx_word' id='word_1_91' title='bbox 236 996 347 1027; x_wconf 86' lang='lat' dir='ltr'>paene</span> <span class='ocrx_word' id='word_1_92' title='bbox 368 986 551 1017; x_wconf 88' lang='lat' dir='ltr'>inuenitur</span> <span class='ocrx_word' id='word_1_93' title='bbox 570 996 736 1017; x_wconf 89' lang='lat' dir='ltr'>numerus</span> <span class='ocrx_word' id='word_1_94' title='bbox 758 996 924 1017; x_wconf 88' lang='lat' dir='ltr'>uersuum</span> <span class='ocrx_word' id='word_1_95' title='bbox 948 994 994 1016; x_wconf 89' lang='lat'>111</span> <span class='ocrx_word' id='word_1_96' title='bbox 1018 986 1145 1017; x_wconf 71' lang='grc' dir='ltr'><strong>400-Ν</strong></span> <span class='ocrx_word' id='word_1_97' title='bbox 1169 986 1201 1024; x_wconf 88' lang='lat'>9,</span> <span class='ocrx_word' id='word_1_98' title='bbox 1220 995 1298 1016; x_wconf 90' lang='lat' dir='ltr'>cum</span> <span class='ocrx_word' id='word_1_99' title='bbox 1322 984 1367 1016; x_wconf 88' lang='lat' dir='ltr'>ad</span> <span class='ocrx_word' id='word_1_100' title='bbox 1390 993 1509 1016; x_wconf 79' lang='lat' dir='ltr'>coxon</span> <span class='ocrx_word' id='word_1_101' title='bbox 1533 984 1703 1016; x_wconf 83' lang='lat' dir='ltr'>accedant</span> 
     </span>
     <span class='ocr_line' id='line_1_13' title="bbox 157 1037 1701 1079; baseline -0.001 -11"><span class='ocrx_word' id='word_1_102' title='bbox 157 1037 256 1069; x_wconf 86' lang='lat' dir='ltr'>tituli</span> <span class='ocrx_word' id='word_1_103' title='bbox 273 1046 312 1068; x_wconf 81' lang='lat' dir='ltr'>lx</span> <span class='ocrx_word' id='word_1_104' title='bbox 329 1040 410 1079; x_wconf 86' lang='lat' dir='ltr'>post</span> <span class='ocrx_word' id='word_1_105' title='bbox 426 1048 548 1069; x_wconf 89' lang='lat' dir='ltr'>uersus</span> <span class='ocrx_word' id='word_1_106' title='bbox 564 1038 640 1076; x_wconf 85' lang='grc'><strong>442,</strong></span> <span class='ocrx_word' id='word_1_107' title='bbox 659 1038 735 1076; x_wconf 85' lang='grc'><strong>482,</strong></span> <span class='ocrx_word' id='word_1_108' title='bbox 754 1038 827 1075; x_wconf 87' lang='grc'><strong>509,</strong></span> <span class='ocrx_word' id='word_1_109' title='bbox 848 1037 923 1076; x_wconf 88' lang='grc'>536,</span> <span class='ocrx_word' id='word_1_110' title='bbox 941 1038 1017 1075; x_wconf 90' lang='grc'><strong>559,</strong></span> <span class='ocrx_word' id='word_1_111' title='bbox 1034 1038 1109 1075; x_wconf 89' lang='grc'>580,</span> <span class='ocrx_word' id='word_1_112' title='bbox 1127 1038 1201 1075; x_wconf 85' lang='grc'><strong>617,</strong></span> <span class='ocrx_word' id='word_1_113' title='bbox 1218 1037 1294 1075; x_wconf 85' lang='grc'><strong>668,</strong></span> <span class='ocrx_word' id='word_1_114' title='bbox 1314 1037 1378 1068; x_wconf 88' lang='grc'>682</span> <span class='ocrx_word' id='word_1_115' title='bbox 1393 1037 1516 1077; x_wconf 78' lang='lat' dir='ltr'>scripti</span> <span class='ocrx_word' id='word_1_116' title='bbox 1532 1037 1568 1068; x_wconf 90' lang='lat' dir='ltr'>in</span> <span class='ocrx_word' id='word_1_117' title='bbox 1585 1037 1701 1067; x_wconf 88' lang='lat' dir='ltr'>arche-</span> 
     </span>
     <span class='ocr_line' id='line_1_14' title="bbox 158 1087 1702 1130; baseline -0.001 -10"><span class='ocrx_word' id='word_1_118' title='bbox 158 1093 257 1130; x_wconf 88' lang='lat' dir='ltr'>typo,</span> <span class='ocrx_word' id='word_1_119' title='bbox 277 1099 425 1130; x_wconf 92' lang='lat' dir='ltr'>quorum</span> <span class='ocrx_word' id='word_1_120' title='bbox 449 1091 595 1130; x_wconf 88' lang='lat' dir='ltr'>quartus</span> <span class='ocrx_word' id='word_1_121' title='bbox 620 1089 655 1120; x_wconf 90' lang='lat' dir='ltr'>in</span> <span class='ocrx_word' id='word_1_122' title='bbox 678 1089 765 1120; x_wconf 91' lang='lat' dir='ltr'>duas</span> <span class='ocrx_word' id='word_1_123' title='bbox 787 1089 897 1120; x_wconf 87' lang='lat' dir='ltr'>lineas</span> <span class='ocrx_word' id='word_1_124' title='bbox 922 1088 1115 1120; x_wconf 85' lang='lat' dir='ltr'>distractus</span> <span class='ocrx_word' id='word_1_125' title='bbox 1135 1090 1222 1127; x_wconf 88' lang='lat' dir='ltr'>erat,</span> <span class='ocrx_word' id='word_1_126' title='bbox 1243 1090 1284 1119; x_wconf 89' lang='lat' dir='ltr'>ut</span> <span class='ocrx_word' id='word_1_127' title='bbox 1300 1098 1436 1120; x_wconf 85' lang='lat' dir='ltr'>summa</span> <span class='ocrx_word' id='word_1_128' title='bbox 1456 1087 1520 1119; x_wconf 90' lang='lat' dir='ltr'>fiat</span> <span class='ocrx_word' id='word_1_129' title='bbox 1538 1098 1702 1119; x_wconf 88' lang='lat' dir='ltr'>uersuum</span> 
     </span>
     <span class='ocr_line' id='line_1_15' title="bbox 157 1138 1701 1182; baseline -0.001 -11"><span class='ocrx_word' id='word_1_130' title='bbox 157 1149 260 1172; x_wconf 84' lang='lat' dir='ltr'>CCCII.</span> <span class='ocrx_word' id='word_1_131' title='bbox 302 1140 445 1172; x_wconf 86' lang='lat' dir='ltr'>uidetur</span> <span class='ocrx_word' id='word_1_132' title='bbox 461 1140 570 1182; x_wconf 85' lang='lat' dir='ltr'>igitur</span> <span class='ocrx_word' id='word_1_133' title='bbox 586 1151 675 1172; x_wconf 90' lang='lat' dir='ltr'>unus</span> <span class='ocrx_word' id='word_1_134' title='bbox 693 1140 878 1181; x_wconf 85' lang='lat' dir='ltr'>quaternio</span> <span class='ocrx_word' id='word_1_135' title='bbox 894 1140 1042 1182; x_wconf 85' lang='lat' dir='ltr'>singulis</span> <span class='ocrx_word' id='word_1_136' title='bbox 1058 1139 1195 1181; x_wconf 84' lang='lat' dir='ltr'>paginis</span> <span class='ocrx_word' id='word_1_137' title='bbox 1213 1149 1334 1171; x_wconf 86' lang='lat' dir='ltr'>uersus</span> <span class='ocrx_word' id='word_1_138' title='bbox 1350 1139 1423 1170; x_wconf 81' lang='lat' dir='ltr'>fere</span> <span class='ocrx_word' id='word_1_139' title='bbox 1439 1138 1701 1180; x_wconf 89' lang='lat' dir='ltr'>duodequadra-</span> 
     </span>
     <span class='ocr_line' id='line_1_16' title="bbox 156 1190 1701 1233; baseline 0 -11"><span class='ocrx_word' id='word_1_140' title='bbox 156 1202 263 1233; x_wconf 89' lang='lat' dir='ltr'>genos</span> <span class='ocrx_word' id='word_1_141' title='bbox 287 1192 469 1223; x_wconf 88' lang='lat' dir='ltr'>continens</span> <span class='ocrx_word' id='word_1_142' title='bbox 493 1202 657 1233; x_wconf 86' lang='lat' dir='ltr'>peruerse</span> <span class='ocrx_word' id='word_1_143' title='bbox 674 1192 904 1233; x_wconf 84' lang='lat' dir='ltr'>complicatus</span> <span class='ocrx_word' id='word_1_144' title='bbox 920 1191 1038 1230; x_wconf 84' lang='lat' dir='ltr'>fuisse,</span> <span class='ocrx_word' id='word_1_145' title='bbox 1062 1191 1113 1222; x_wconf 89' lang='lat' dir='ltr'>ita</span> <span class='ocrx_word' id='word_1_146' title='bbox 1136 1194 1177 1222; x_wconf 92' lang='lat' dir='ltr'>ut</span> <span class='ocrx_word' id='word_1_147' title='bbox 1200 1191 1334 1232; x_wconf 85' lang='lat' dir='ltr'>priores</span> <span class='ocrx_word' id='word_1_148' title='bbox 1357 1193 1437 1222; x_wconf 88' lang='lat' dir='ltr'>octo</span> <span class='ocrx_word' id='word_1_149' title='bbox 1458 1190 1607 1232; x_wconf 81' lang='lat' dir='ltr'>paginae</span> <span class='ocrx_word' id='word_1_150' title='bbox 1623 1201 1701 1222; x_wconf 88' lang='lat' dir='ltr'>cum</span> 
     </span>
     <span class='ocr_line' id='line_1_17' title="bbox 158 1241 1700 1285; baseline -0.001 -10"><span class='ocrx_word' id='word_1_151' title='bbox 158 1246 236 1275; x_wconf 89' lang='lat' dir='ltr'>octo</span> <span class='ocrx_word' id='word_1_152' title='bbox 261 1243 514 1285; x_wconf 82' lang='lat' dir='ltr'>posterioribus</span> <span class='ocrx_word' id='word_1_153' title='bbox 541 1243 655 1275; x_wconf 89' lang='lat' dir='ltr'>locum</span> <span class='ocrx_word' id='word_1_154' title='bbox 681 1247 861 1274; x_wconf 73' lang='lat' dir='ltr'>mutarent</span> <span class='ocrx_word' id='word_1_155' title='bbox 971 1242 1036 1273; x_wconf 95' lang='grc'>400</span> <span class='ocrx_word' id='word_1_156' title='bbox 1056 1246 1096 1274; x_wconf 86' lang='lat' dir='ltr'>at</span> <span class='ocrx_word' id='word_1_157' title='bbox 1120 1251 1211 1280; x_wconf 86' lang='lat' dir='ltr'>quae</span> <span class='ocrx_word' id='word_1_158' title='bbox 1238 1241 1312 1281; x_wconf 85' lang='lat' dir='ltr'>GL2,</span> <span class='ocrx_word' id='word_1_159' title='bbox 1338 1245 1446 1280; x_wconf 81' lang='lat' dir='ltr'>atque</span> <span class='ocrx_word' id='word_1_160' title='bbox 1471 1245 1528 1273; x_wconf 65' lang='grc' dir='ltr'>ΒΜ</span> <span class='ocrx_word' id='word_1_161' title='bbox 1637 1241 1700 1272; x_wconf 88' lang='grc'>401</span> 
     </span>
     <span class='ocr_line' id='line_1_18' title="bbox 157 1294 1700 1336; baseline -0.001 -10"><span class='ocrx_word' id='word_1_162' title='bbox 157 1295 306 1333; x_wconf 73' lang='lat' dir='ltr'>totidem,</span> <span class='ocrx_word' id='word_1_163' title='bbox 320 1305 380 1326; x_wconf 88' lang='lat' dir='ltr'>sex</span> <span class='ocrx_word' id='word_1_164' title='bbox 474 1294 539 1326; x_wconf 85' lang='lat'>402</span> <span class='ocrx_word' id='word_1_165' title='bbox 551 1300 716 1336; x_wconf 73' lang='lat' dir='ltr'>quantum</span> <span class='ocrx_word' id='word_1_166' title='bbox 728 1295 896 1336; x_wconf 88' lang='lat' dir='ltr'>temporis</span> <span class='ocrx_word' id='word_1_167' title='bbox 909 1305 980 1326; x_wconf 77' lang='lat' dir='ltr'>una</span> <span class='ocrx_word' id='word_1_168' title='bbox 992 1305 1074 1335; x_wconf 84' lang='lat' dir='ltr'>pars</span> <span class='ocrx_word' id='word_1_169' title='bbox 1081 1294 1180 1335; x_wconf 74' lang='lat' dir='ltr'>ferat</span> <span class='ocrx_word' id='word_1_170' title='bbox 1193 1294 1268 1325; x_wconf 87' lang='lat' dir='ltr'>siue</span> <span class='ocrx_word' id='word_1_171' title='bbox 1281 1294 1316 1325; x_wconf 90' lang='lat' dir='ltr'>in</span> <span class='ocrx_word' id='word_1_172' title='bbox 1329 1294 1524 1335; x_wconf 88' lang='lat' dir='ltr'>portionem</span> <span class='ocrx_word' id='word_1_173' title='bbox 1538 1294 1700 1335; x_wconf 87' lang='lat' dir='ltr'>accipiat,</span> 
     </span>
     <span class='ocr_line' id='line_1_19' title="bbox 158 1344 1703 1387; baseline -0.001 -9"><span class='ocrx_word' id='word_1_174' title='bbox 158 1351 291 1378; x_wconf 75' lang='lat' dir='ltr'>cantum</span> <span class='ocrx_word' id='word_1_175' title='bbox 307 1346 467 1387; x_wconf 77' lang='lat' dir='ltr'>temporis</span> <span class='ocrx_word' id='word_1_176' title='bbox 482 1346 599 1378; x_wconf 88' lang='lat' dir='ltr'>Tauro</span> <span class='ocrx_word' id='word_1_177' title='bbox 612 1346 793 1378; x_wconf 77' lang='lat' dir='ltr'>tribuatur</span> <span class='ocrx_word' id='word_1_178' title='bbox 809 1346 852 1377; x_wconf 87' lang='lat' dir='ltr'>ad</span> <span class='ocrx_word' id='word_1_179' title='bbox 870 1346 1052 1377; x_wconf 89' lang='lat' dir='ltr'>oriendum</span> <span class='ocrx_word' id='word_1_180' title='bbox 1140 1348 1324 1377; x_wconf 76' lang='lat' dir='ltr'>tribuatur</span> <span class='ocrx_word' id='word_1_181' title='bbox 1336 1344 1409 1384; x_wconf 78' lang='lat' dir='ltr'>GL2,</span> <span class='ocrx_word' id='word_1_182' title='bbox 1424 1348 1630 1377; x_wconf 77' lang='lat' dir='ltr'>tribuantur</span> <span class='ocrx_word' id='word_1_183' title='bbox 1645 1348 1703 1376; x_wconf 84' lang='lat' dir='ltr'>LM</span> 
     </span>
    </p>

    <p class='ocr_par' dir='ltr' id='par_1_5' title="bbox 158 1397 1706 1595">
     <span class='ocr_line' id='line_1_20' title="bbox 243 1397 1705 1439; baseline 0 -11"><span class='ocrx_word' id='word_1_184' title='bbox 243 1397 307 1428; x_wconf 92' lang='grc'>403</span> <span class='ocrx_word' id='word_1_185' title='bbox 323 1406 450 1430; x_wconf 87' lang='lat' dir='ltr'>auerso</span> <span class='ocrx_word' id='word_1_186' title='bbox 467 1398 633 1437; x_wconf 88' lang='lat' dir='ltr'>Huetius,</span> <span class='ocrx_word' id='word_1_187' title='bbox 652 1401 802 1430; x_wconf 85' lang='lat' dir='ltr'>aduerso</span> <span class='ocrx_word' id='word_1_188' title='bbox 818 1398 912 1436; x_wconf 87' lang='lat' dir='ltr'>libri,</span> <span class='ocrx_word' id='word_1_189' title='bbox 932 1397 975 1429; x_wconf 93' lang='lat' dir='ltr'>de</span> <span class='ocrx_word' id='word_1_190' title='bbox 997 1408 1065 1439; x_wconf 89' lang='lat' dir='ltr'>quo</span> <span class='ocrx_word' id='word_1_191' title='bbox 1082 1407 1198 1429; x_wconf 88' lang='lat' dir='ltr'>errore</span> <span class='ocrx_word' id='word_1_192' title='bbox 1215 1397 1291 1428; x_wconf 83' lang='lat' dir='ltr'>dixi</span> <span class='ocrx_word' id='word_1_193' title='bbox 1307 1400 1345 1428; x_wconf 89' lang='lat' dir='ltr'>at</span> <span class='ocrx_word' id='word_1_194' title='bbox 1361 1406 1374 1428; x_wconf 96' lang='lat' dir='ltr'>I</span> <span class='ocrx_word' id='word_1_195' title='bbox 1391 1398 1455 1429; x_wconf 81' lang='lat'>264</span> <span class='ocrx_word' id='word_1_196' title='bbox 1543 1399 1705 1429; x_wconf 84' lang='lat' dir='ltr'>nascenti</span> 
     </span>
     <span class='ocr_line' id='line_1_21' title="bbox 159 1447 1702 1491; baseline -0.001 -10"><span class='ocrx_word' id='word_1_197' title='bbox 159 1451 275 1481; x_wconf 83' lang='lat' dir='ltr'>sidere</span> <span class='ocrx_word' id='word_1_198' title='bbox 290 1449 444 1491; x_wconf 81' lang='lat' dir='ltr'>Scaliger</span> <span class='ocrx_word' id='word_1_199' title='bbox 468 1449 521 1481; x_wconf 88' lang='lat' dir='ltr'>ed.</span> <span class='ocrx_word' id='word_1_200' title='bbox 544 1452 572 1488; x_wconf 89' lang='lat' dir='ltr'>l,</span> <span class='ocrx_word' id='word_1_201' title='bbox 592 1452 777 1482; x_wconf 83' lang='lat' dir='ltr'>nascentia</span> <span class='ocrx_word' id='word_1_202' title='bbox 800 1452 918 1481; x_wconf 87' lang='lat' dir='ltr'>sidera</span> <span class='ocrx_word' id='word_1_203' title='bbox 941 1449 1024 1480; x_wconf 86' lang='lat' dir='ltr'>libri</span> <span class='ocrx_word' id='word_1_204' title='bbox 1048 1448 1174 1480; x_wconf 90' lang='lat' dir='ltr'>mendo</span> <span class='ocrx_word' id='word_1_205' title='bbox 1196 1452 1399 1490; x_wconf 86' lang='lat' dir='ltr'>peruagato.</span> <span class='ocrx_word' id='word_1_206' title='bbox 1450 1447 1511 1480; x_wconf 86' lang='lat' dir='ltr'>sed</span> <span class='ocrx_word' id='word_1_207' title='bbox 1534 1447 1702 1491; x_wconf 86' lang='lat' dir='ltr'>Scaligeri</span> 
     </span>
     <span class='ocr_line' id='line_1_22' title="bbox 158 1500 1703 1543; baseline -0.001 -11"><span class='ocrx_word' id='word_1_208' title='bbox 158 1501 450 1539; x_wconf 87' lang='lat' dir='ltr'>emendationem,</span> <span class='ocrx_word' id='word_1_209' title='bbox 484 1512 589 1543; x_wconf 89' lang='lat' dir='ltr'>quam</span> <span class='ocrx_word' id='word_1_210' title='bbox 626 1501 700 1542; x_wconf 88' lang='lat' dir='ltr'>ipse</span> <span class='ocrx_word' id='word_1_211' title='bbox 736 1512 845 1543; x_wconf 89' lang='lat' dir='ltr'>praue</span> <span class='ocrx_word' id='word_1_212' title='bbox 880 1501 988 1532; x_wconf 85' lang='lat' dir='ltr'>uerba</span> <span class='ocrx_word' id='word_1_213' title='bbox 1022 1500 1272 1542; x_wconf 84' lang='lat' dir='ltr'>distinguendo</span> <span class='ocrx_word' id='word_1_214' title='bbox 1303 1502 1535 1542; x_wconf 86' lang='lat' dir='ltr'>peruerterat,</span> <span class='ocrx_word' id='word_1_215' title='bbox 1569 1501 1703 1541; x_wconf 89' lang='lat' dir='ltr'>primus</span> 
     </span>
     <span class='ocr_line' id='line_1_23' title="bbox 159 1551 1706 1595; baseline -0.001 -11"><span class='ocrx_word' id='word_1_216' title='bbox 159 1555 252 1585; x_wconf 89' lang='lat' dir='ltr'>recte</span> <span class='ocrx_word' id='word_1_217' title='bbox 276 1553 532 1595; x_wconf 86' lang='lat' dir='ltr'>interpretatus</span> <span class='ocrx_word' id='word_1_218' title='bbox 561 1556 615 1585; x_wconf 90' lang='lat' dir='ltr'>est</span> <span class='ocrx_word' id='word_1_219' title='bbox 642 1553 780 1594; x_wconf 86' lang='lat' dir='ltr'>Fayus:</span> <span class='ocrx_word' id='word_1_220' title='bbox 817 1553 997 1584; x_wconf 84' lang='lat' dir='ltr'>tribuatur</span> <span class='ocrx_word' id='word_1_221' title='bbox 1021 1552 1145 1590; x_wconf 80' lang='lat' dir='ltr'>Tauro,</span> <span class='ocrx_word' id='word_1_222' title='bbox 1172 1552 1232 1593; x_wconf 91' lang='lat' dir='ltr'>qui</span> <span class='ocrx_word' id='word_1_223' title='bbox 1256 1562 1378 1583; x_wconf 85' lang='lat' dir='ltr'>auerso</span> <span class='ocrx_word' id='word_1_224' title='bbox 1403 1551 1516 1583; x_wconf 84' lang='lat' dir='ltr'>sidere</span> <span class='ocrx_word' id='word_1_225' title='bbox 1548 1552 1706 1583; x_wconf 87' lang='lat' dir='ltr'>nascitur</span> 
     </span>
    </p>

    <p class='ocr_par' dir='ltr' id='par_1_6' title="bbox 155 1603 1706 2886">
     <span class='ocr_line' id='line_1_24' title="bbox 244 1603 1706 1645; baseline 0.001 -11"><span class='ocrx_word' id='word_1_226' title='bbox 244 1604 395 1635; x_wconf 84' lang='lat'>404-406</span> <span class='ocrx_word' id='word_1_227' title='bbox 420 1616 485 1637; x_wconf 91' lang='lat' dir='ltr'>om.</span> <span class='ocrx_word' id='word_1_228' title='bbox 506 1608 540 1636; x_wconf 89' lang='lat' dir='ltr'>M</span> <span class='ocrx_word' id='word_1_229' title='bbox 564 1605 608 1636; x_wconf 89' lang='lat' dir='ltr'>ob</span> <span class='ocrx_word' id='word_1_230' title='bbox 632 1605 937 1637; x_wconf 85' lang='lat' dir='ltr'>homoeoteleuton</span> <span class='ocrx_word' id='word_1_231' title='bbox 1025 1603 1090 1634; x_wconf 90' lang='grc'>404</span> <span class='ocrx_word' id='word_1_232' title='bbox 1113 1606 1292 1636; x_wconf 87' lang='lat' dir='ltr'>nemeeius</span> <span class='ocrx_word' id='word_1_233' title='bbox 1316 1603 1482 1645; x_wconf 83' lang='lat' dir='ltr'>Scaliger,</span> <span class='ocrx_word' id='word_1_234' title='bbox 1501 1612 1646 1635; x_wconf 85' lang='lat' dir='ltr'>nemeus</span> <span class='ocrx_word' id='word_1_235' title='bbox 1668 1606 1706 1635; x_wconf 88' lang='lat' dir='ltr'>in</span> 
     </span>
     <span class='ocr_line' id='line_1_25' title="bbox 158 1654 1706 1696; baseline -0.001 -9"><span class='ocrx_word' id='word_1_236' title='bbox 158 1659 216 1688; x_wconf 82' lang='lat' dir='ltr'>GL.</span> <span class='ocrx_word' id='word_1_237' title='bbox 267 1656 422 1688; x_wconf 87' lang='lat' dir='ltr'>Ionicam</span> <span class='ocrx_word' id='word_1_238' title='bbox 445 1656 613 1688; x_wconf 88' lang='lat' dir='ltr'>adiectiui</span> <span class='ocrx_word' id='word_1_239' title='bbox 637 1656 786 1688; x_wconf 79' lang='lat' dir='ltr'>formam</span> <span class='ocrx_word' id='word_1_240' title='bbox 810 1656 938 1687; x_wconf 82' lang='lat' dir='ltr'>rationi</span> <span class='ocrx_word' id='word_1_241' title='bbox 962 1666 1031 1687; x_wconf 90' lang='lat' dir='ltr'>non</span> <span class='ocrx_word' id='word_1_242' title='bbox 1057 1666 1251 1696; x_wconf 78' lang='lat' dir='ltr'>repugnare</span> <span class='ocrx_word' id='word_1_243' title='bbox 1275 1655 1414 1686; x_wconf 87' lang='lat' dir='ltr'>ostendi</span> <span class='ocrx_word' id='word_1_244' title='bbox 1437 1655 1473 1686; x_wconf 88' lang='lat' dir='ltr'>in</span> <span class='ocrx_word' id='word_1_245' title='bbox 1497 1654 1646 1688; x_wconf 79' lang='lat' dir='ltr'>Journal</span> <span class='ocrx_word' id='word_1_246' title='bbox 1670 1655 1706 1686; x_wconf 83' lang='lat' dir='ltr'>of</span> 
     </span>
     <span class='ocr_line' id='line_1_26' title="bbox 160 1706 1704 1749; baseline -0.001 -10"><span class='ocrx_word' id='word_1_247' title='bbox 160 1707 346 1749; x_wconf 81' lang='lat' dir='ltr'>Philology</span> <span class='ocrx_word' id='word_1_248' title='bbox 376 1708 445 1739; x_wconf 92' lang='lat' dir='ltr'>uol.</span> <span class='ocrx_word' id='word_1_249' title='bbox 469 1716 596 1739; x_wconf 78' lang='lat' dir='ltr'>XXXIII</span> <span class='ocrx_word' id='word_1_250' title='bbox 628 1718 661 1749; x_wconf 88' lang='lat' dir='ltr'>p.</span> <span class='ocrx_word' id='word_1_251' title='bbox 691 1709 732 1740; x_wconf 81' lang='lat'>68</span> <span class='ocrx_word' id='word_1_252' title='bbox 763 1707 806 1739; x_wconf 89' lang='lat' dir='ltr'>de</span> <span class='ocrx_word' id='word_1_253' title='bbox 831 1707 1008 1748; x_wconf 82' lang='grc' dir='ltr'>Ἐφυραΐοσ</span> <span class='ocrx_word' id='word_1_254' title='bbox 1036 1706 1212 1747; x_wconf 85' lang='grc' dir='ltr'>Έφυρήιοσ</span> <span class='ocrx_word' id='word_1_255' title='bbox 1243 1706 1450 1748; x_wconf 86' lang='lat' dir='ltr'>disputans;</span> <span class='ocrx_word' id='word_1_256' title='bbox 1489 1717 1579 1748; x_wconf 87' lang='lat' dir='ltr'>quae</span> <span class='ocrx_word' id='word_1_257' title='bbox 1609 1706 1704 1748; x_wconf 90' lang='lat' dir='ltr'>quod</span> 
     </span>
     <span class='ocr_line' id='line_1_27' title="bbox 158 1757 1701 1800; baseline -0.001 -10"><span class='ocrx_word' id='word_1_258' title='bbox 158 1769 329 1800; x_wconf 83' lang='lat' dir='ltr'>nusquam</span> <span class='ocrx_word' id='word_1_259' title='bbox 355 1762 477 1790; x_wconf 86' lang='lat' dir='ltr'>extare</span> <span class='ocrx_word' id='word_1_260' title='bbox 503 1759 657 1798; x_wconf 88' lang='lat' dir='ltr'>uidetur,</span> <span class='ocrx_word' id='word_1_261' title='bbox 683 1770 726 1790; x_wconf 86' lang='lat' dir='ltr'>ne</span> <span class='ocrx_word' id='word_1_262' title='bbox 754 1758 919 1799; x_wconf 75' lang='lat' dir='ltr'>Scylleius</span> <span class='ocrx_word' id='word_1_263' title='bbox 946 1757 1088 1800; x_wconf 89' lang='lat' dir='ltr'>quidem</span> <span class='ocrx_word' id='word_1_264' title='bbox 1115 1760 1363 1799; x_wconf 84' lang='lat' dir='ltr'>praeterquam</span> <span class='ocrx_word' id='word_1_265' title='bbox 1391 1758 1427 1789; x_wconf 88' lang='lat' dir='ltr'>in</span> <span class='ocrx_word' id='word_1_266' title='bbox 1454 1757 1496 1790; x_wconf 85' lang='lat' dir='ltr'>el.</span> <span class='ocrx_word' id='word_1_267' title='bbox 1522 1758 1560 1789; x_wconf 92' lang='lat' dir='ltr'>in</span> <span class='ocrx_word' id='word_1_268' title='bbox 1589 1757 1701 1789; x_wconf 88' lang='lat' dir='ltr'>Maec.</span> 
     </span>
     <span class='ocr_line' id='line_1_28' title="bbox 158 1809 1705 1852; baseline -0.001 -11"><span class='ocrx_word' id='word_1_269' title='bbox 158 1819 172 1841; x_wconf 96' lang='lat' dir='ltr'>I</span> <span class='ocrx_word' id='word_1_270' title='bbox 191 1811 249 1845; x_wconf 87' lang='grc'>107</span> <span class='ocrx_word' id='word_1_271' title='bbox 268 1810 396 1842; x_wconf 89' lang='lat' dir='ltr'>inueni.</span> <span class='ocrx_word' id='word_1_272' title='bbox 446 1821 558 1852; x_wconf 84' lang='lat' dir='ltr'>neque</span> <span class='ocrx_word' id='word_1_273' title='bbox 583 1810 702 1842; x_wconf 82' lang='lat' dir='ltr'>obstat</span> <span class='ocrx_word' id='word_1_274' title='bbox 726 1810 818 1852; x_wconf 86' lang='lat' dir='ltr'>quod</span> <span class='ocrx_word' id='word_1_275' title='bbox 844 1810 969 1842; x_wconf 85' lang='lat' dir='ltr'>ceteris</span> <span class='ocrx_word' id='word_1_276' title='bbox 989 1809 1074 1841; x_wconf 90' lang='lat' dir='ltr'>locis</span> <span class='ocrx_word' id='word_1_277' title='bbox 1094 1809 1262 1841; x_wconf 87' lang='lat' dir='ltr'>Manilius</span> <span class='ocrx_word' id='word_1_278' title='bbox 1281 1809 1472 1841; x_wconf 77' lang='lat' dir='ltr'>Nemeaeus</span> <span class='ocrx_word' id='word_1_279' title='bbox 1490 1809 1631 1850; x_wconf 90' lang='lat' dir='ltr'>posuit;</span> <span class='ocrx_word' id='word_1_280' title='bbox 1654 1809 1705 1840; x_wconf 87' lang='lat' dir='ltr'>ita</span> 
     </span>
     <span class='ocr_line' id='line_1_29' title="bbox 155 1860 1701 1901; baseline -0.001 -8"><span class='ocrx_word' id='word_1_281' title='bbox 155 1862 249 1893; x_wconf 90' lang='lat' dir='ltr'>enim</span> <span class='ocrx_word' id='word_1_282' title='bbox 267 1861 414 1893; x_wconf 84' lang='lat' dir='ltr'>Ouidius</span> <span class='ocrx_word' id='word_1_283' title='bbox 433 1865 488 1893; x_wconf 91' lang='lat' dir='ltr'>ter</span> <span class='ocrx_word' id='word_1_284' title='bbox 504 1862 706 1900; x_wconf 80' lang='lat' dir='ltr'>Zanclaeus,</span> <span class='ocrx_word' id='word_1_285' title='bbox 725 1862 831 1893; x_wconf 86' lang='lat' dir='ltr'>semel</span> <span class='ocrx_word' id='word_1_286' title='bbox 854 1861 1044 1898; x_wconf 70' lang='lat' dir='ltr'>Zancleia-s,</span> <span class='ocrx_word' id='word_1_287' title='bbox 1066 1860 1229 1892; x_wconf 85' lang='lat' dir='ltr'>Valerius</span> <span class='ocrx_word' id='word_1_288' title='bbox 1246 1860 1392 1892; x_wconf 86' lang='lat' dir='ltr'>Flaccus</span> <span class='ocrx_word' id='word_1_289' title='bbox 1412 1863 1468 1892; x_wconf 87' lang='lat' dir='ltr'>ter</span> <span class='ocrx_word' id='word_1_290' title='bbox 1488 1860 1701 1901; x_wconf 63' lang='lat' dir='ltr'>Pagasaeus,</span> 
     </span>
     <span class='ocr_line' id='line_1_30' title="bbox 158 1912 1704 1954; baseline -0.001 -9"><span class='ocrx_word' id='word_1_291' title='bbox 158 1913 264 1945; x_wconf 89' lang='lat' dir='ltr'>semel</span> <span class='ocrx_word' id='word_1_292' title='bbox 280 1914 481 1954; x_wconf 71' lang='lat' dir='ltr'>Payaseius.</span> <span class='ocrx_word' id='word_1_293' title='bbox 530 1914 665 1945; x_wconf 77' lang='lat' dir='ltr'>frustra</span> <span class='ocrx_word' id='word_1_294' title='bbox 677 1917 795 1945; x_wconf 88' lang='lat' dir='ltr'>autem</span> <span class='ocrx_word' id='word_1_295' title='bbox 809 1913 991 1945; x_wconf 86' lang='lat' dir='ltr'>Bentleius</span> <span class='ocrx_word' id='word_1_296' title='bbox 1004 1913 1194 1945; x_wconf 76' lang='lat' dir='ltr'>Nemeaeus</span> <span class='ocrx_word' id='word_1_297' title='bbox 1211 1912 1290 1951; x_wconf 89' lang='lat' dir='ltr'>(hoc</span> <span class='ocrx_word' id='word_1_298' title='bbox 1306 1913 1376 1944; x_wconf 87' lang='lat' dir='ltr'>iam</span> <span class='ocrx_word' id='word_1_299' title='bbox 1392 1912 1446 1944; x_wconf 91' lang='lat' dir='ltr'>ed.</span> <span class='ocrx_word' id='word_1_300' title='bbox 1463 1913 1704 1954; x_wconf 86' lang='lat' dir='ltr'>quaternaria)</span> 
     </span>
     <span class='ocr_line' id='line_1_31' title="bbox 157 1964 1704 2006; baseline -0.001 -9"><span class='ocrx_word' id='word_1_301' title='bbox 157 1965 195 1997; x_wconf 78' lang='lat' dir='ltr'>in</span> <span class='ocrx_word' id='word_1_302' title='bbox 217 1970 311 1997; x_wconf 72' lang='lat' dir='ltr'>orcus</span> <span class='ocrx_word' id='word_1_303' title='bbox 326 1965 598 2004; x_wconf 88' lang='lat' dir='ltr'>commendauit,</span> <span class='ocrx_word' id='word_1_304' title='bbox 617 1970 658 1997; x_wconf 87' lang='lat' dir='ltr'>ut</span> <span class='ocrx_word' id='word_1_305' title='bbox 682 1965 726 1996; x_wconf 88' lang='lat' dir='ltr'>ad</span> <span class='ocrx_word' id='word_1_306' title='bbox 750 1966 812 1997; x_wconf 77' lang='lat' dir='ltr'>has</span> <span class='ocrx_word' id='word_1_307' title='bbox 836 1968 871 1997; x_wconf 86' lang='lat' dir='ltr'>et</span> <span class='ocrx_word' id='word_1_308' title='bbox 895 1976 980 2006; x_wconf 76' lang='lat' dir='ltr'>qaas</span> <span class='ocrx_word' id='word_1_309' title='bbox 1004 1964 1188 1996; x_wconf 88' lang='lat' dir='ltr'>audiretur</span> <span class='ocrx_word' id='word_1_310' title='bbox 1206 1968 1327 2005; x_wconf 75' lang='lat' dir='ltr'>partes</span> <span class='ocrx_word' id='word_1_311' title='bbox 1340 1976 1349 2002; x_wconf 91' lang='lat'>;</span> <span class='ocrx_word' id='word_1_312' title='bbox 1372 1974 1485 2006; x_wconf 90' lang='lat' dir='ltr'>neque</span> <span class='ocrx_word' id='word_1_313' title='bbox 1508 1964 1601 1996; x_wconf 87' lang='lat' dir='ltr'>enim</span> <span class='ocrx_word' id='word_1_314' title='bbox 1624 1964 1704 2006; x_wconf 87' lang='lat' dir='ltr'>plus</span> 
     </span>
     <span class='ocr_line' id='line_1_32' title="bbox 158 2015 1702 2059; baseline -0.001 -10"><span class='ocrx_word' id='word_1_315' title='bbox 158 2028 264 2049; x_wconf 84' lang='lat' dir='ltr'>unani</span> <span class='ocrx_word' id='word_1_316' title='bbox 287 2020 422 2049; x_wconf 85' lang='lat' dir='ltr'>sextam</span> <span class='ocrx_word' id='word_1_317' title='bbox 442 2021 580 2059; x_wconf 86' lang='lat' dir='ltr'>partem</span> <span class='ocrx_word' id='word_1_318' title='bbox 602 2020 666 2048; x_wconf 91' lang='lat' dir='ltr'>aut</span> <span class='ocrx_word' id='word_1_319' title='bbox 681 2017 816 2049; x_wconf 89' lang='lat' dir='ltr'>Taurus</span> <span class='ocrx_word' id='word_1_320' title='bbox 840 2020 902 2048; x_wconf 88' lang='lat' dir='ltr'>aut</span> <span class='ocrx_word' id='word_1_321' title='bbox 926 2016 996 2048; x_wconf 91' lang='lat' dir='ltr'>Leo</span> <span class='ocrx_word' id='word_1_322' title='bbox 1019 2016 1147 2057; x_wconf 88' lang='lat' dir='ltr'>accipit</span> <span class='ocrx_word' id='word_1_323' title='bbox 1235 2015 1297 2046; x_wconf 89' lang='grc'>405</span> <span class='ocrx_word' id='word_1_324' title='bbox 1322 2018 1438 2054; x_wconf 75' lang='lat' dir='ltr'>partis</span> <span class='ocrx_word' id='word_1_325' title='bbox 1461 2019 1496 2054; x_wconf 84' lang='lat' dir='ltr'>G,</span> <span class='ocrx_word' id='word_1_326' title='bbox 1515 2019 1643 2054; x_wconf 80' lang='lat' dir='ltr'>partus</span> <span class='ocrx_word' id='word_1_327' title='bbox 1667 2019 1702 2055; x_wconf 90' lang='lat' dir='ltr'>L,</span> 
     </span>
     <span class='ocr_line' id='line_1_33' title="bbox 158 2066 1705 2110; baseline -0.001 -10"><span class='ocrx_word' id='word_1_328' title='bbox 158 2072 280 2107; x_wconf 86' lang='lat' dir='ltr'>partes</span> <span class='ocrx_word' id='word_1_329' title='bbox 307 2072 343 2100; x_wconf 89' lang='lat' dir='ltr'>et</span> <span class='ocrx_word' id='word_1_330' title='bbox 371 2069 475 2110; x_wconf 90' lang='lat' dir='ltr'>paulo</span> <span class='ocrx_word' id='word_1_331' title='bbox 503 2073 586 2100; x_wconf 89' lang='lat' dir='ltr'>ante</span> <span class='ocrx_word' id='word_1_332' title='bbox 613 2072 688 2100; x_wconf 87' lang='lat' dir='ltr'>tres</span> <span class='ocrx_word' id='word_1_333' title='bbox 714 2067 751 2099; x_wconf 77' lang='lat' dir='ltr'>L2</span> <span class='ocrx_word' id='word_1_334' title='bbox 853 2068 917 2098; x_wconf 90' lang='grc'>406</span> <span class='ocrx_word' id='word_1_335' title='bbox 944 2077 1016 2106; x_wconf 86' lang='lat' dir='ltr'>qua</span> <span class='ocrx_word' id='word_1_336' title='bbox 1031 2070 1091 2105; x_wconf 80' lang='lat' dir='ltr'>GL,</span> <span class='ocrx_word' id='word_1_337' title='bbox 1111 2076 1218 2105; x_wconf 88' lang='lat' dir='ltr'>quam</span> <span class='ocrx_word' id='word_1_338' title='bbox 1245 2066 1320 2099; x_wconf 88' lang='lat' dir='ltr'>cod.</span> <span class='ocrx_word' id='word_1_339' title='bbox 1342 2067 1500 2099; x_wconf 86' lang='lat' dir='ltr'>Venetus</span> <span class='ocrx_word' id='word_1_340' title='bbox 1606 2070 1705 2099; x_wconf 80' lang='lat' dir='ltr'>tauri</span> 
     </span>
     <span class='ocr_line' id='line_1_34' title="bbox 158 2119 1701 2160; baseline -0.001 -8"><span class='ocrx_word' id='word_1_341' title='bbox 158 2120 469 2160; x_wconf 85' lang='lat' dir='ltr'>Regiomontanus‚</span> <span class='ocrx_word' id='word_1_342' title='bbox 499 2124 604 2152; x_wconf 87' lang='lat' dir='ltr'>tauro</span> <span class='ocrx_word' id='word_1_343' title='bbox 635 2123 684 2152; x_wconf 82' lang='lat' dir='ltr'>GL</span> <span class='ocrx_word' id='word_1_344' title='bbox 714 2131 755 2151; x_wconf 86' lang='lat' dir='ltr'>ex</span> <span class='ocrx_word' id='word_1_345' title='bbox 783 2121 848 2152; x_wconf 88' lang='lat'>403</span> <span class='ocrx_word' id='word_1_346' title='bbox 961 2119 1024 2150; x_wconf 87' lang='grc'>407</span> <span class='ocrx_word' id='word_1_347' title='bbox 1052 2121 1198 2151; x_wconf 87' lang='lat' dir='ltr'>uincant</span> <span class='ocrx_word' id='word_1_348' title='bbox 1213 2119 1245 2157; x_wconf 47' lang='grc' dir='ltr'>ἥ,</span> <span class='ocrx_word' id='word_1_349' title='bbox 1274 2121 1397 2151; x_wconf 85' lang='lat' dir='ltr'>uincat</span> <span class='ocrx_word' id='word_1_350' title='bbox 1423 2122 1469 2158; x_wconf 89' lang='grc' dir='ltr'>Μ,</span> <span class='ocrx_word' id='word_1_351' title='bbox 1498 2121 1641 2151; x_wconf 79' lang='lat' dir='ltr'>uinceat</span> <span class='ocrx_word' id='word_1_352' title='bbox 1666 2122 1701 2158; x_wconf 86' lang='lat' dir='ltr'>L,</span> 
     </span>
     <span class='ocr_line' id='line_1_35' title="bbox 158 2171 1704 2212; baseline -0.001 -9"><span class='ocrx_word' id='word_1_353' title='bbox 158 2174 295 2203; x_wconf 79' lang='lat' dir='ltr'>uinciat</span> <span class='ocrx_word' id='word_1_354' title='bbox 332 2171 406 2212; x_wconf 81' lang='lat' dir='ltr'>GL2,</span> <span class='ocrx_word' id='word_1_355' title='bbox 446 2172 631 2204; x_wconf 70' lang='lat' dir='ltr'>uincantur</span> <span class='ocrx_word' id='word_1_356' title='bbox 666 2171 865 2212; x_wconf 75' lang='lat' dir='ltr'>Cancroque</span> <span class='ocrx_word' id='word_1_357' title='bbox 900 2171 1018 2202; x_wconf 80' lang='lat' dir='ltr'>eadem</span> <span class='ocrx_word' id='word_1_358' title='bbox 1052 2171 1362 2212; x_wconf 79' lang='lat' dir='ltr'>Regiomontanus.</span> <span class='ocrx_word' id='word_1_359' title='bbox 1426 2180 1512 2211; x_wconf 77' lang='lat' dir='ltr'>quae</span> <span class='ocrx_word' id='word_1_360' title='bbox 1550 2175 1704 2212; x_wconf 74' lang='lat' dir='ltr'>tempora</span> 
     </span>
     <span class='ocr_line' id='line_1_36' title="bbox 164 2221 1702 2265; baseline -0.001 -10"><span class='ocrx_word' id='word_1_361' title='bbox 164 2223 279 2255; x_wconf 80' lang='lat' dir='ltr'>Tauro</span> <span class='ocrx_word' id='word_1_362' title='bbox 299 2223 303 2265; x_wconf 89' lang='grc' dir='ltr'>Ι</span> <span class='ocrx_word' id='word_1_363' title='bbox 324 2223 455 2255; x_wconf 77' lang='lat' dir='ltr'>uinciat</span> <span class='ocrx_word' id='word_1_364' title='bbox 482 2223 556 2255; x_wconf 92' lang='lat' dir='ltr'>cod.</span> <span class='ocrx_word' id='word_1_365' title='bbox 585 2223 677 2255; x_wconf 86' lang='lat' dir='ltr'>Flor.</span> <span class='ocrx_word' id='word_1_366' title='bbox 705 2223 837 2265; x_wconf 87' lang='lat' dir='ltr'>aliique</span> <span class='ocrx_word' id='word_1_367' title='bbox 864 2225 899 2254; x_wconf 89' lang='lat' dir='ltr'>et</span> <span class='ocrx_word' id='word_1_368' title='bbox 927 2233 1047 2254; x_wconf 91' lang='lat' dir='ltr'>omnes</span> <span class='ocrx_word' id='word_1_369' title='bbox 1077 2232 1187 2264; x_wconf 87' lang='lat' dir='ltr'>paene</span> <span class='ocrx_word' id='word_1_370' title='bbox 1218 2221 1383 2261; x_wconf 77' lang='lat' dir='ltr'>editores,</span> <span class='ocrx_word' id='word_1_371' title='bbox 1410 2222 1504 2264; x_wconf 80' lang='lat' dir='ltr'>quod</span> <span class='ocrx_word' id='word_1_372' title='bbox 1531 2223 1702 2264; x_wconf 84' lang='lat' dir='ltr'>interpre-</span> 
     </span>
     <span class='ocr_line' id='line_1_37' title="bbox 157 2273 1703 2317; baseline 0 -10"><span class='ocrx_word' id='word_1_373' title='bbox 157 2275 229 2307; x_wconf 87' lang='lat' dir='ltr'>tari</span> <span class='ocrx_word' id='word_1_374' title='bbox 252 2277 398 2307; x_wconf 87' lang='lat' dir='ltr'>conatus</span> <span class='ocrx_word' id='word_1_375' title='bbox 426 2274 581 2317; x_wconf 85' lang='lat' dir='ltr'>Scaliger</span> <span class='ocrx_word' id='word_1_376' title='bbox 612 2275 667 2307; x_wconf 90' lang='lat' dir='ltr'>‘in</span> <span class='ocrx_word' id='word_1_377' title='bbox 691 2275 786 2307; x_wconf 89' lang='lat' dir='ltr'>omni</span> <span class='ocrx_word' id='word_1_378' title='bbox 813 2285 1000 2317; x_wconf 84' lang='lat' dir='ltr'>progressu</span> <span class='ocrx_word' id='word_1_379' title='bbox 1028 2273 1270 2306; x_wconf 87' lang='lat' dir='ltr'>arithmetico&#39;</span> <span class='ocrx_word' id='word_1_380' title='bbox 1298 2273 1416 2315; x_wconf 84' lang='lat' dir='ltr'>inquit</span> <span class='ocrx_word' id='word_1_381' title='bbox 1445 2275 1625 2306; x_wconf 84' lang='lat' dir='ltr'>‘excessus</span> <span class='ocrx_word' id='word_1_382' title='bbox 1649 2277 1703 2307; x_wconf 85' lang='lat' dir='ltr'>est</span> 
     </span>
     <span class='ocr_line' id='line_1_38' title="bbox 157 2325 1702 2368; baseline 0.001 -10"><span class='ocrx_word' id='word_1_383' title='bbox 157 2327 338 2359; x_wconf 89' lang='lat' dir='ltr'>uinculum</span> <span class='ocrx_word' id='word_1_384' title='bbox 355 2327 482 2368; x_wconf 88' lang='lat' dir='ltr'>prioris</span> <span class='ocrx_word' id='word_1_385' title='bbox 503 2337 658 2359; x_wconf 87' lang='lat' dir='ltr'>summae</span> <span class='ocrx_word' id='word_1_386' title='bbox 680 2330 717 2359; x_wconf 93' lang='lat' dir='ltr'>et</span> <span class='ocrx_word' id='word_1_387' title='bbox 735 2326 945 2368; x_wconf 87' lang='lat' dir='ltr'>sequentis&#39;.</span> <span class='ocrx_word' id='word_1_388' title='bbox 995 2326 1095 2367; x_wconf 86' lang='lat' dir='ltr'>atqui</span> <span class='ocrx_word' id='word_1_389' title='bbox 1115 2325 1234 2357; x_wconf 89' lang='lat' dir='ltr'>nullus</span> <span class='ocrx_word' id='word_1_390' title='bbox 1253 2325 1290 2357; x_wconf 91' lang='lat' dir='ltr'>in</span> <span class='ocrx_word' id='word_1_391' title='bbox 1309 2326 1379 2358; x_wconf 88' lang='lat' dir='ltr'>ista</span> <span class='ocrx_word' id='word_1_392' title='bbox 1395 2325 1536 2367; x_wconf 89' lang='lat' dir='ltr'>quidem</span> <span class='ocrx_word' id='word_1_393' title='bbox 1553 2326 1702 2359; x_wconf 89' lang='lat' dir='ltr'>lectione</span> 
     </span>
     <span class='ocr_line' id='line_1_39' title="bbox 157 2377 1703 2420; baseline 0 -10"><span class='ocrx_word' id='word_1_394' title='bbox 157 2382 221 2410; x_wconf 88' lang='lat' dir='ltr'>aut</span> <span class='ocrx_word' id='word_1_395' title='bbox 252 2389 412 2410; x_wconf 83' lang='lat' dir='ltr'>excessus</span> <span class='ocrx_word' id='word_1_396' title='bbox 444 2381 506 2410; x_wconf 89' lang='lat' dir='ltr'>aut</span> <span class='ocrx_word' id='word_1_397' title='bbox 536 2389 741 2420; x_wconf 86' lang='lat' dir='ltr'>progressus</span> <span class='ocrx_word' id='word_1_398' title='bbox 772 2377 1002 2420; x_wconf 85' lang='lat' dir='ltr'>significatur,</span> <span class='ocrx_word' id='word_1_399' title='bbox 1029 2388 1141 2419; x_wconf 91' lang='lat' dir='ltr'>neque</span> <span class='ocrx_word' id='word_1_400' title='bbox 1172 2377 1393 2419; x_wconf 87' lang='lat' dir='ltr'>intellegitur</span> <span class='ocrx_word' id='word_1_401' title='bbox 1422 2379 1542 2409; x_wconf 86' lang='lat' dir='ltr'>utrum</span> <span class='ocrx_word' id='word_1_402' title='bbox 1572 2378 1703 2410; x_wconf 78' lang='lat' dir='ltr'>maiore</span> 
     </span>
     <span class='ocr_line' id='line_1_40' title="bbox 159 2429 1702 2472; baseline 0.001 -11"><span class='ocrx_word' id='word_1_403' title='bbox 159 2429 297 2462; x_wconf 88' lang='lat' dir='ltr'>Gemini</span> <span class='ocrx_word' id='word_1_404' title='bbox 330 2440 434 2471; x_wconf 87' lang='lat' dir='ltr'>quam</span> <span class='ocrx_word' id='word_1_405' title='bbox 471 2430 608 2462; x_wconf 87' lang='lat' dir='ltr'>Taurus</span> <span class='ocrx_word' id='word_1_406' title='bbox 643 2434 801 2472; x_wconf 87' lang='lat' dir='ltr'>tempore</span> <span class='ocrx_word' id='word_1_407' title='bbox 843 2430 1003 2461; x_wconf 85' lang='lat' dir='ltr'>oriantur</span> <span class='ocrx_word' id='word_1_408' title='bbox 1038 2440 1081 2460; x_wconf 83' lang='lat' dir='ltr'>an</span> <span class='ocrx_word' id='word_1_409' title='bbox 1119 2429 1277 2467; x_wconf 88' lang='lat' dir='ltr'>minore;</span> <span class='ocrx_word' id='word_1_410' title='bbox 1315 2439 1428 2470; x_wconf 88' lang='lat' dir='ltr'>neque</span> <span class='ocrx_word' id='word_1_411' title='bbox 1463 2429 1557 2461; x_wconf 90' lang='lat' dir='ltr'>enim</span> <span class='ocrx_word' id='word_1_412' title='bbox 1586 2429 1702 2462; x_wconf 88' lang='lat' dir='ltr'>adhuc</span> 
     </span>
     <span class='ocr_line' id='line_1_41' title="bbox 157 2480 1701 2524; baseline 0.001 -11"><span class='ocrx_word' id='word_1_413' title='bbox 157 2482 345 2514; x_wconf 89' lang='lat' dir='ltr'>didicimus</span> <span class='ocrx_word' id='word_1_414' title='bbox 367 2482 505 2513; x_wconf 91' lang='lat' dir='ltr'>cuinam</span> <span class='ocrx_word' id='word_1_415' title='bbox 527 2482 696 2524; x_wconf 83' lang='lat' dir='ltr'>temporis</span> <span class='ocrx_word' id='word_1_416' title='bbox 718 2492 873 2513; x_wconf 88' lang='lat' dir='ltr'>summae</span> <span class='ocrx_word' id='word_1_417' title='bbox 894 2480 1058 2513; x_wconf 89' lang='lat' dir='ltr'>accedere</span> <span class='ocrx_word' id='word_1_418' title='bbox 1080 2480 1207 2512; x_wconf 85' lang='lat' dir='ltr'>debeat</span> <span class='ocrx_word' id='word_1_419' title='bbox 1228 2491 1308 2522; x_wconf 88' lang='lat' dir='ltr'>pars</span> <span class='ocrx_word' id='word_1_420' title='bbox 1329 2480 1391 2512; x_wconf 88' lang='lat' dir='ltr'>illa</span> <span class='ocrx_word' id='word_1_421' title='bbox 1414 2481 1521 2513; x_wconf 83' lang='lat' dir='ltr'>tertia</span> <span class='ocrx_word' id='word_1_422' title='bbox 1544 2480 1701 2514; x_wconf 85' lang='lat' dir='ltr'>Geminis</span> 
     </span>
     <span class='ocr_line' id='line_1_42' title="bbox 158 2532 1700 2575; baseline 0 -9"><span class='ocrx_word' id='word_1_423' title='bbox 158 2534 304 2566; x_wconf 88' lang='lat' dir='ltr'>tributa.</span> <span class='ocrx_word' id='word_1_424' title='bbox 354 2533 439 2575; x_wconf 87' lang='lat' dir='ltr'>quid</span> <span class='ocrx_word' id='word_1_425' title='bbox 455 2533 657 2575; x_wconf 87' lang='lat' dir='ltr'>requiratur</span> <span class='ocrx_word' id='word_1_426' title='bbox 673 2533 765 2565; x_wconf 84' lang='lat' dir='ltr'>clare</span> <span class='ocrx_word' id='word_1_427' title='bbox 787 2533 944 2565; x_wconf 82' lang='lat' dir='ltr'>ostendit</span> <span class='ocrx_word' id='word_1_428' title='bbox 963 2532 1122 2575; x_wconf 88' lang='lat' dir='ltr'>geminus</span> <span class='ocrx_word' id='word_1_429' title='bbox 1137 2532 1234 2564; x_wconf 90' lang='lat' dir='ltr'>locus</span> <span class='ocrx_word' id='word_1_430' title='bbox 1250 2533 1314 2565; x_wconf 86' lang='grc'><strong>429</strong></span> <span class='ocrx_word' id='word_1_431' title='bbox 1330 2543 1380 2574; x_wconf 90' lang='lat' dir='ltr'>sq.</span> <span class='ocrx_word' id='word_1_432' title='bbox 1400 2533 1503 2565; x_wconf 74' lang='lat' dir='ltr'>tertia</span> <span class='ocrx_word' id='word_1_433' title='bbox 1512 2543 1602 2574; x_wconf 77' lang='lat' dir='ltr'>pars</span> <span class='ocrx_word' id='word_1_434' title='bbox 1618 2533 1700 2574; x_wconf 77' lang='lat' dir='ltr'>eius,</span> 
     </span>
     <span class='ocr_line' id='line_1_43' title="bbox 158 2578 1702 2627; baseline 0.001 -10"><span class='ocrx_word' id='word_1_435' title='bbox 158 2595 322 2617; x_wconf 75' lang='lat' dir='ltr'>numero</span> <span class='ocrx_word' id='word_1_436' title='bbox 341 2595 461 2626; x_wconf 80' lang='lat' dir='ltr'>super</span> <span class='ocrx_word' id='word_1_437' title='bbox 479 2578 627 2617; x_wconf 74' lang='lat' dir='ltr'>addita</span> <span class='ocrx_word' id='word_1_438' title='bbox 648 2584 787 2624; x_wconf 79' lang='lat' dir='ltr'>Tauri,</span> <span class='ocrx_word' id='word_1_439' title='bbox 810 2585 814 2625; x_wconf 92' lang='grc' dir='ltr'>Ι</span> <span class='ocrx_word' id='word_1_440' title='bbox 837 2585 994 2616; x_wconf 69' lang='lat' dir='ltr'>tradetur</span> <span class='ocrx_word' id='word_1_441' title='bbox 1014 2584 1186 2622; x_wconf 77' lang='lat' dir='ltr'>Geminis;</span> <span class='ocrx_word' id='word_1_442' title='bbox 1211 2584 1248 2616; x_wconf 88' lang='lat' dir='ltr'>id</span> <span class='ocrx_word' id='word_1_443' title='bbox 1266 2587 1385 2616; x_wconf 86' lang='lat' dir='ltr'>autem</span> <span class='ocrx_word' id='word_1_444' title='bbox 1401 2585 1608 2627; x_wconf 86' lang='lat' dir='ltr'>suppeditat</span> <span class='ocrx_word' id='word_1_445' title='bbox 1623 2597 1702 2618; x_wconf 89' lang='lat' dir='ltr'>cum</span> 
     </span>
     <span class='ocr_line' id='line_1_44' title="bbox 159 2636 1704 2678; baseline 0.001 -9"><span class='ocrx_word' id='word_1_446' title='bbox 159 2637 316 2669; x_wconf 86' lang='lat' dir='ltr'>ablatiuo</span> <span class='ocrx_word' id='word_1_447' title='bbox 332 2637 558 2668; x_wconf 89' lang='lat' dir='ltr'>coniunctum</span> <span class='ocrx_word' id='word_1_448' title='bbox 574 2636 740 2668; x_wconf 88' lang='lat' dir='ltr'>uincendi</span> <span class='ocrx_word' id='word_1_449' title='bbox 756 2636 914 2675; x_wconf 90' lang='lat' dir='ltr'>uerbum,</span> <span class='ocrx_word' id='word_1_450' title='bbox 933 2636 982 2668; x_wconf 87' lang='lat' dir='ltr'>sic</span> <span class='ocrx_word' id='word_1_451' title='bbox 1003 2636 1158 2678; x_wconf 85' lang='lat' dir='ltr'>positum</span> <span class='ocrx_word' id='word_1_452' title='bbox 1179 2638 1220 2667; x_wconf 85' lang='lat' dir='ltr'>ut</span> <span class='ocrx_word' id='word_1_453' title='bbox 1240 2636 1348 2668; x_wconf 67' lang='lat'>452-11</span> <span class='ocrx_word' id='word_1_454' title='bbox 1364 2647 1434 2677; x_wconf 80' lang='lat' dir='ltr'>qua</span> <span class='ocrx_word' id='word_1_455' title='bbox 1448 2641 1535 2669; x_wconf 72' lang='lat' dir='ltr'>sorte</span> <span class='ocrx_word' id='word_1_456' title='bbox 1551 2642 1681 2670; x_wconf 76' lang='lat' dir='ltr'>retenta</span> <span class='ocrx_word' id='word_1_457' title='bbox 1699 2640 1704 2678; x_wconf 87' lang='grc' dir='ltr'>Ι</span> 
     </span>
     <span class='ocr_line' id='line_1_45' title="bbox 159 2688 1700 2730; baseline 0.001 -10"><span class='ocrx_word' id='word_1_458' title='bbox 159 2688 306 2721; x_wconf 81' lang='lat' dir='ltr'>dimidio</span> <span class='ocrx_word' id='word_1_459' title='bbox 336 2688 452 2720; x_wconf 73' lang='lat' dir='ltr'>vincat</span> <span class='ocrx_word' id='word_1_460' title='bbox 481 2688 646 2730; x_wconf 82' lang='lat' dir='ltr'>primum,</span> <span class='ocrx_word' id='word_1_461' title='bbox 680 2688 841 2720; x_wconf 77' lang='lat' dir='ltr'>uincatur</span> <span class='ocrx_word' id='word_1_462' title='bbox 872 2693 902 2720; x_wconf 72' lang='lat' dir='ltr'>et</span> <span class='ocrx_word' id='word_1_463' title='bbox 928 2688 1041 2729; x_wconf 76' lang='lat' dir='ltr'>ipsum</span> <span class='ocrx_word' id='word_1_464' title='bbox 1060 2688 1064 2730; x_wconf 89' lang='grc' dir='ltr'>Ι</span> <span class='ocrx_word' id='word_1_465' title='bbox 1086 2692 1244 2726; x_wconf 74' lang='lat' dir='ltr'>extremo,</span> <span class='ocrx_word' id='word_1_466' title='bbox 1276 2689 1340 2720; x_wconf 88' lang='lat'>568</span> <span class='ocrx_word' id='word_1_467' title='bbox 1371 2698 1420 2730; x_wconf 86' lang='lat' dir='ltr'>sq.</span> <span class='ocrx_word' id='word_1_468' title='bbox 1455 2689 1623 2729; x_wconf 76' lang='lat' dir='ltr'>appositis</span> <span class='ocrx_word' id='word_1_469' title='bbox 1652 2694 1700 2729; x_wconf 79' lang='lat' dir='ltr'>tu,</span> 
     </span>
     <span class='ocr_line' id='line_1_46' title="bbox 165 2739 1704 2782; baseline 0.001 -10"><span class='ocrx_word' id='word_1_470' title='bbox 165 2740 290 2779; x_wconf 84' lang='lat' dir='ltr'>Taure,</span> <span class='ocrx_word' id='word_1_471' title='bbox 325 2740 454 2772; x_wconf 75' lang='lat' dir='ltr'>duobus</span> <span class='ocrx_word' id='word_1_472' title='bbox 473 2739 477 2782; x_wconf 91' lang='grc' dir='ltr'>Ι</span> <span class='ocrx_word' id='word_1_473' title='bbox 499 2740 617 2779; x_wconf 75' lang='lat' dir='ltr'>uineis,</span> <span class='ocrx_word' id='word_1_474' title='bbox 652 2744 697 2772; x_wconf 75' lang='lat' dir='ltr'>set</span> <span class='ocrx_word' id='word_1_475' title='bbox 731 2739 869 2772; x_wconf 75' lang='lat' dir='ltr'>totidem</span> <span class='ocrx_word' id='word_1_476' title='bbox 901 2739 1121 2771; x_wconf 74' lang='lat' dir='ltr'>Geminorum</span> <span class='ocrx_word' id='word_1_477' title='bbox 1150 2739 1297 2771; x_wconf 78' lang='lat' dir='ltr'>uinceris</span> <span class='ocrx_word' id='word_1_478' title='bbox 1332 2744 1434 2772; x_wconf 77' lang='lat' dir='ltr'>astro.</span> <span class='ocrx_word' id='word_1_479' title='bbox 1483 2750 1565 2782; x_wconf 85' lang='lat' dir='ltr'>pars</span> <span class='ocrx_word' id='word_1_480' title='bbox 1594 2741 1704 2773; x_wconf 85' lang='lat' dir='ltr'>tertia</span> 
     </span>
     <span class='ocr_line' id='line_1_47' title="bbox 161 2791 1704 2834; baseline 0.001 -11"><span class='ocrx_word' id='word_1_481' title='bbox 161 2791 318 2824; x_wconf 89' lang='lat' dir='ltr'>Geminis</span> <span class='ocrx_word' id='word_1_482' title='bbox 333 2791 517 2831; x_wconf 88' lang='lat' dir='ltr'>tribuitur,</span> <span class='ocrx_word' id='word_1_483' title='bbox 536 2802 605 2834; x_wconf 90' lang='lat' dir='ltr'>qua</span> <span class='ocrx_word' id='word_1_484' title='bbox 627 2794 729 2833; x_wconf 87' lang='lat' dir='ltr'>parte</span> <span class='ocrx_word' id='word_1_485' title='bbox 746 2792 778 2823; x_wconf 92' lang='lat' dir='ltr'>ei</span> <span class='ocrx_word' id='word_1_486' title='bbox 795 2791 902 2823; x_wconf 87' lang='lat' dir='ltr'>Tauri</span> <span class='ocrx_word' id='word_1_487' title='bbox 925 2794 1082 2833; x_wconf 76' lang='lat' dir='ltr'>tempora</span> <span class='ocrx_word' id='word_1_488' title='bbox 1104 2791 1258 2830; x_wconf 80' lang='lat' dir='ltr'>uincant,</span> <span class='ocrx_word' id='word_1_489' title='bbox 1279 2791 1347 2833; x_wconf 84' lang='lat' dir='ltr'>ipsi</span> <span class='ocrx_word' id='word_1_490' title='bbox 1367 2791 1585 2833; x_wconf 84' lang='lat' dir='ltr'>temporibus</span> <span class='ocrx_word' id='word_1_491' title='bbox 1602 2795 1704 2824; x_wconf 87' lang='lat' dir='ltr'>tanto</span> 
     </span>
     <span class='ocr_line' id='line_1_48' title="bbox 162 2842 1702 2886; baseline 0 -10"><span class='ocrx_word' id='word_1_492' title='bbox 162 2843 351 2876; x_wconf 84' lang='lat' dir='ltr'>maioribus</span> <span class='ocrx_word' id='word_1_493' title='bbox 378 2843 541 2877; x_wconf 88' lang='lat' dir='ltr'>orientes.</span> <span class='ocrx_word' id='word_1_494' title='bbox 591 2854 699 2875; x_wconf 91' lang='lat' dir='ltr'>unum</span> <span class='ocrx_word' id='word_1_495' title='bbox 730 2854 812 2886; x_wconf 87' lang='lat' dir='ltr'>ergo</span> <span class='ocrx_word' id='word_1_496' title='bbox 843 2842 1099 2875; x_wconf 79' lang='lat' dir='ltr'>incommodum</span> <span class='ocrx_word' id='word_1_497' title='bbox 1128 2853 1193 2885; x_wconf 87' lang='lat' dir='ltr'>ope</span> <span class='ocrx_word' id='word_1_498' title='bbox 1220 2842 1380 2875; x_wconf 90' lang='lat' dir='ltr'>codicum</span> <span class='ocrx_word' id='word_1_499' title='bbox 1407 2843 1572 2876; x_wconf 85' lang='lat' dir='ltr'>amolitus</span> <span class='ocrx_word' id='word_1_500' title='bbox 1602 2855 1702 2882; x_wconf 77' lang='lat' dir='ltr'>sum:</span> 
     </span>
    </p>
   </div>
  </div>
 </body>
</html>
