1877 3146
186 173 240 210 28
782 170 842 212 M.
876 170 1128 213 MANILH

365 298 478 333 nam,
502 298 586 338 qua
606 283 775 324 Phrixei
795 283 1011 325 ducuntur
1030 284 1184 325 uellera
1205 284 1311 339 signi

241 365 310 396 305
366 357 674 412 Chelarumque
694 357 797 399 fides
817 358 1040 413 iustaeque
1061 358 1256 399 examina
1276 358 1440 407 Librae,

366 432 508 473 omnia
528 438 789 487 consurgunt
809 432 931 474 binas
951 432 1010 474 ibi
1029 433 1149 488 signa
1169 447 1243 487 per
1262 433 1398 482 horas,

367 505 482 560 quod
502 505 665 547 medius
685 511 801 548 recto
821 506 1107 562 praecingitur
1127 506 1273 547 ordine
1292 506 1476 548 mundus

365 579 638 635 aequalisque
657 594 784 635 super
802 585 1094 622 transuersum
1113 581 1296 622 uertitur
1316 595 1451 621 axem.

365 654 424 695 illi
444 659 650 709 perpetua
670 654 904 710 iunguntur
924 669 1028 710 pace
1047 654 1195 696 diebus

240 735 308 767 310
366 728 568 770 obscurae
589 733 759 777 noetes3
793 743 929 784 aequo
949 734 1038 771 stat
1059 729 1227 771 foedere
1249 734 1420 783 tempus
1437 743 1444 777 ;

184 900 356 933 efficiente
376 901 512 932 ratione
601 900 752 932 304-322
773 901 909 934 Gemin.
931 902 950 934 6
974 902 1015 933 23
1039 903 1108 933 ἔστι
1132 903 1222 942 χώρα
1243 913 1298 932 τισ
1320 902 1403 942 πρὸσ
1423 902 1626 942 μεσημβρίαν
1641 901 1732 939 ἡμῶν

186 954 323 991 κειμένη,
356 953 376 991 ἡ
406 953 565 993 λεγομένη
597 953 658 984 ὑπὸ
693 954 748 984 τὸν
780 954 970 994 ἰσημερινὸν,
999 956 1032 984 ἐν
1063 952 1082 993 ᾗ
1114 955 1142 984 οἱ
1174 955 1232 991 μὲν
1265 954 1358 984 πόλοι
1395 954 1448 984 ἐπὶ
1477 954 1534 983 τοῦ
1569 952 1732 993 ὁρίζοντοσ

185 1006 370 1043 πίπτουσιν,
397 1006 474 1046 ὀρθὴ
499 1007 533 1037 δὲ
557 1007 747 1036 καθίσταται
771 1006 791 1044 ἡ
816 1007 873 1036 τοῦ
899 1007 1018 1044 κόσμου
1046 1007 1177 1046 σφαῖρα.
1228 1004 1473 1045 διχοτομοῦνται
1497 1005 1531 1036 δὲ
1554 1005 1678 1035 πάντεσ
1702 1006 1731 1035 οἱ

186 1058 391 1099 παράλληλοι
408 1059 515 1089 κύκλοι
538 1059 566 1088 οἱ
587 1058 786 1097 ’γραφόμενοι
812 1058 872 1088 ὑπὸ
895 1056 949 1088 τοῦ
973 1056 1063 1095 ἡλίου
1088 1059 1169 1088 κατὰ
1191 1059 1249 1095 τὴν
1273 1057 1331 1088 τοῦ
1355 1058 1475 1095 κόσμου
1499 1057 1725 1097 περιστροφὴν.

186 1109 225 1140 δι’
249 1111 287 1147 ἣν
311 1110 416 1140 αἰτίαν
439 1110 587 1149 ἰσημερίαι
612 1110 662 1140 διὰ
686 1110 813 1141 παντόσ
839 1112 907 1140 ἐστι
935 1109 1010 1150 παρ’
1035 1111 1157 1141 αὐτοΐσ.
1206 1119 1296 1151 quae
1323 1108 1493 1140 Manilius
1521 1108 1607 1140 satis
1635 1111 1731 1140 recte

186 1160 230 1192 de
255 1163 443 1202 aequatore
471 1161 632 1192 terrestri
664 1160 788 1199 tradit,
815 1171 856 1192 ea
886 1162 987 1202 graui
1015 1171 1131 1192 errore
1163 1160 1325 1192 Lucanus
1356 1169 1396 1192 lx
1423 1161 1530 1195 531-7
1559 1159 1732 1191 transfert

187 1211 231 1244 ad
262 1212 438 1254 tropicum
469 1211 606 1251 Cancri,
640 1222 709 1253 qua
739 1212 885 1244 circulus·
920 1212 984 1244 alti
1003 1211 1007 1254 Ι
1028 1212 1163 1244 solstitii
1199 1212 1350 1244 medium
1380 1212 1556 1253 signorum
1581 1210 1732 1252 percutit

187 1264 308 1295 orbem.
332 1263 337 1305 l
357 1274 425 1295 non
447 1263 584 1305 obliqua
607 1268 731 1301 meant,
753 1274 811 1295 nec
835 1263 948 1295 Tauro
973 1264 1132 1304 Scorpios
1156 1263 1224 1295 exit
1244 1264 1248 1304 Ι
1269 1263 1392 1295 rectior
1414 1268 1475 1295 auc
1498 1262 1601 1295 Aries
1624 1263 1731 1294 donat

187 1326 252 1347 sua
268 1320 420 1356 tempora
438 1315 600 1354 (oriendi)
617 1315 743 1346 Librae
763 1314 768 1357 1
790 1320 850 1346 auc
866 1314 1018 1347 Astraea
1037 1315 1126 1347 iubet
1147 1315 1250 1347 lentos
1266 1315 1462 1347 descendere
1478 1314 1595 1347 Pisces
1605 1325 1619 1353 ,·
1638 1313 1642 1355 Ι
1658 1324 1733 1355 par

189 1366 341 1398 Geminis
369 1366 496 1398 Chiron
527 1371 556 1398 ει
588 1366 677 1398 idem
704 1367 795 1407 quod
824 1366 992 1398 Carcinus
1019 1367 1144 1398 ardens
1163 1366 1167 1409 Ι
1189 1366 1326 1399 umidus
1356 1366 1544 1407 Aeyoceros
1569 1375 1628 1398 nec
1651 1365 1734 1405 plus

188 1418 257 1450 Leo
273 1418 404 1450 collitur
427 1418 519 1450 Vrna
607 1417 671 1448 304
685 1427 768 1449 nam
785 1427 856 1456 qua
872 1418 1065 1457 Bentleius,
1083 1427 1278 1456 numquam
1294 1417 1377 1450 libri
1464 1428 1534 1459 qua
1546 1418 1728 1456 ducuntur,

189 1469 254 1501 sub
271 1480 311 1500 ea
327 1469 419 1500 linea
441 1479 510 1511 qua
530 1479 591 1511 per
611 1469 745 1500 caelum
767 1469 971 1508 trahuntur,
990 1469 1055 1501 hoc
1079 1472 1133 1500 est
1156 1469 1220 1500 sub
1244 1469 1374 1500 circulo
1398 1467 1645 1510 aequinoctiali

233 1520 294 1551 305
325 1520 508 1553 Chelarum
528 1520 630 1561 fides,
655 1520 784 1552 Chelae
807 1520 939 1560 fideles,
964 1531 1053 1563 quae
1074 1531 1094 1552 a
1116 1521 1209 1552 iusta
1233 1520 1338 1552 Libra
1358 1531 1427 1551 non
1451 1522 1534 1552 sunt
1557 1519 1727 1551 diuersae.

190 1572 297 1604 Mart.
318 1581 331 1604 1
354 1573 396 1604 48
420 1573 439 1604 6
463 1582 521 1604 nec
537 1582 660 1604 caueae
678 1574 723 1613 (β,
743 1577 862 1604 caueat
882 1585 913 1611 α,
933 1572 1023 1604 male
1044 1584 1067 1612 ’γ
1089 1575 1124 1604 et
1145 1572 1297 1604 editores
1316 1573 1436 1611 cauea)
1456 1576 1555 1603 tanta
1574 1571 1734 1603 conditur

188 1624 243 1656 ille
264 1623 349 1664 fide,
377 1624 442 1655 hoc
469 1628 523 1655 est
549 1634 611 1655 nec
639 1634 745 1655 cauea
772 1616 851 1655 tam·
872 1623 969 1656 fideli
996 1624 1123 1663 utitur,
1151 1635 1228 1655 cum
1257 1634 1297 1655 ea
1320 1623 1494 1655 conditur.
1543 1622 1729 1656 Chelarum

188 1679 225 1707 et
254 1675 379 1707 Librae
410 1676 579 1717 imagines
610 1675 718 1707 etiam
749 1675 835 1707 alibi
865 1675 1143 1713 confunduntur,
1170 1675 1271 1707 uelut
1298 1684 1311 1707 1
1342 1676 1403 1707 611
1437 1675 1519 1716 iuya
1548 1674 1732 1707 Chelarum

188 1727 298 1759 medio
325 1727 510 1759 uolitancia
536 1738 642 1768 oyro:
678 1727 760 1759 uide
789 1727 946 1759 Maneth.
976 1737 1005 1759 11
1036 1728 1098 1760 136
1123 1738 1196 1769 sqq.
1225 1728 1333 1765 Χηλαὶ
1362 1727 1402 1765 θ’,
1430 1729 1473 1758 ἃσ
1500 1728 1551 1758 καὶ
1578 1728 1616 1765 δὴ
1640 1739 1729 1765 μετε-

189 1781 333 1819 φήμισειν
364 1781 477 1820 ἀνέρεσ
507 1781 566 1819 ἱροὶ
586 1779 590 1821 Ι
612 1781 664 1810 καὶ
699 1780 802 1819 Ζινγὸν
834 1780 1022 1817 ἐκλήισσαν,
1057 1781 1127 1811 ἐπεὶ
1162 1778 1327 1810 τετάνυνθ’
1360 1780 1526 1819 ἑκάτερθεν
1547 1778 1552 1819 Ι
1574 1779 1636 1809 οἶαί
1671 1789 1735 1818 περ

188 1831 398 1871 πλάστιγγεσ
436 1832 490 1862 ἐπὶ
526 1829 623 1871 ζυγοῦ
661 1831 853 1868 ἑλκομένοιο.
913 1834 950 1862 at
988 1830 1105 1872 Fayus
1136 1831 1225 1871 fides
1263 1831 1521 1872 interpretatur
1559 1829 1618 1861 fila
1656 1829 1731 1861 siue

187 1882 376 1921 filamenta,
405 1882 594 1924 Pingraeus
618 1893 687 1913 non
711 1883 969 1924 interpretatur
1058 1882 1167 1914 iustae
1195 1882 1322 1914 Librae
1349 1883 1425 1920 433,
1445 1881 1522 1914 Seu.
1543 1881 1632 1923 Thy.
1653 1882 1728 1920 858,

189 1935 271 1966 Luc.
292 1944 332 1965 1v
355 1935 408 1973 58,
428 1934 604 1967 C.C.A.G.
623 1943 662 1965 1v
686 1945 718 1975 p.
742 1935 803 1965 152
825 1936 844 1968 7
869 1936 988 1966 δίκαιον
1006 1935 1124 1975 Ζυ-γόσ,
1144 1934 1229 1966 item
1247 1933 1368 1965 Ludw.
1389 1933 1535 1965 Maxim.
1556 1943 1588 1974 p.
1612 1933 1672 1966 107
1692 1934 1733 1965 13

275 1986 338 2017 306
367 1989 417 2017 ibi
447 1985 641 2024 Bentleius‚
670 1988 738 2017 sibi
769 1985 851 2017 libri
939 1997 1008 2017 non
1041 1986 1142 2027 plane
1173 1996 1295 2017 uerum
1327 1985 1426 2023 dicit,
1457 1995 1536 2016 nam
1567 1984 1604 2016 in
1634 1989 1731 2016 recta

187 2039 335 2080 sphaera
358 2037 497 2069 Gemini
520 2036 653 2069 Cancer
672 2037 887 2079 Sagittarius
903 2037 1137 2079 Capricornus
1153 2037 1258 2078 paulo
1279 2037 1418 2068 tardius
1440 2036 1603 2067 oriuntur
1626 2046 1731 2077 quam

188 2094 317 2127 cetera,
335 2089 441 2131 idque
463 2093 586 2131 postea
607 2088 826 2130 significatur
847 2100 880 2121 u.
902 2090 962 2121 311
1053 2088 1115 2120 307
1134 2088 1384 2129 praecingyitur.
1433 2088 1612 2129 praecingi
1633 2087 1733 2118 nulla

188 2152 243 2173 res
265 2144 406 2183 praeter
429 2140 604 2172 hominem
628 2140 698 2172 dici
723 2143 848 2182 potest,
869 2140 936 2172 nisi
960 2140 1084 2172 addito
1108 2151 1177 2181 qua
1201 2151 1237 2171 re
1259 2140 1530 2181 praecingatur:
1556 2139 1606 2171 sic
1629 2148 1643 2170 1
1666 2140 1731 2172 257

188 2193 302 2225 media
331 2192 554 2233 praee-innunt
584 2192 750 2224 mundum
781 2193 880 2234 signa
917 2192 1061 2231 zodiaci,
1094 2192 1157 2226 576
1196 2197 1301 2223 tolum
1333 2190 1518 2232 Olympum
1549 2192 1728 2232 aequator,

188 2245 251 2277 653
268 2249 502 2275 traiisuersmn
521 2244 687 2275 mundum
708 2244 872 2275 horizon:
907 2244 943 2275 id
965 2254 1047 2275 uero
1070 2254 1163 2275 nunc
1185 2243 1296 2281 abest,
1316 2243 1384 2274 nisi
1405 2242 1451 2274 ad
1472 2242 1591 2274 ordine
1613 2246 1733 2274 mente

188 2296 343 2328 addatur
369 2295 553 2336 simiorum.
603 2306 681 2327 cum
709 2298 827 2327 autem
859 2300 946 2327 recto
974 2295 1092 2327 ordine
1123 2294 1375 2326 aduerbialiter
1404 2296 1558 2335 ponatur
1588 2304 1620 2325 u.
1653 2294 1728 2331 319,

188 2353 276 2379 recto
307 2347 425 2378 ordine
456 2357 558 2378 zonae
587 2352 803 2387 con-surmont,
832 2350 871 2379 ut
901 2347 949 2378 sit
980 2352 1065 2378 recle
1097 2347 1167 2385 (cui
1200 2346 1279 2377 usui
1312 2346 1416 2387 plane
1447 2345 1636 2386 respondet
1666 2345 1732 2379 227

190 2399 258 2431 illis
285 2398 394 2439 mayis
421 2403 466 2430 est
493 2403 602 2430 reclus
629 2398 839 2438 sumentibus
870 2398 978 2438 ordo),
1010 2397 1232 2430 scribendum
1263 2397 1421 2438 suspicor
1449 2395 1728 2437 praeciditur,

191 2455 231 2482 ut
248 2450 354 2482 medii
370 2450 492 2481 mundi
513 2450 693 2491 praecisio,
720 2450 785 2481 hoc
807 2452 861 2481 est
882 2453 1062 2492 aequator,
1082 2453 1217 2481 rectum
1239 2449 1398 2480 ordinem
1419 2458 1559 2480 seruare
1575 2448 1726 2486 dicatur,

192 2513 333 2544 prorsus
349 2504 390 2533 ut
411 2501 646 2539 meridianus;
671 2502 727 2533 hic
748 2502 841 2532 enim
862 2502 990 2533 nostris
1011 2512 1148 2543 quoque
1169 2500 1369 2542 regionibus
1390 2499 1538 2532 mediam
1556 2499 1732 2540 praecidit

196 2553 379 2594 Olympum
410 2562 422 2584 1
453 2554 526 2585 6:34.
576 2552 665 2584 adde
696 2552 810 2584 Germ.
845 2553 969 2594 phaen.
1003 2554 1066 2585 446
1098 2563 1148 2594 sq.
1182 2552 1356 2593 simiorum
1381 2556 1525 2592 parces.
1547 2576 1553 2583 .
1575 2576 1581 2582 .
1602 2561 1731 2582 annum

193 2605 360 2645 expleturi
378 2605 584 2645 praecidunt
600 2609 762 2645 quatluor
780 2604 873 2636 orbes
961 2604 1022 2634 308
1044 2610 1277 2635 transuersum
1298 2603 1455 2642 uertitur,
1474 2602 1557 2634 Luc.
1574 2611 1645 2634 VI11
1665 2602 1732 2634 462

193 2661 388 2688 transuerso
418 2656 564 2687 uertitur
594 2661 699 2693 aestu,
730 2656 824 2687 Man.
856 2665 868 2687 1
899 2656 963 2687 504
994 2666 1034 2687 esc
1064 2655 1200 2687 diuerso
1226 2659 1429 2686 uertentem:
1465 2654 1593 2685 similia
1622 2653 1730 2685 attuli

194 2707 238 2739 ad
256 2717 268 2738 1
285 2708 346 2741 271
436 2706 498 2737 309
514 2710 568 2738 1111
583 2710 641 2738 LM
657 2710 693 2738 et
709 2718 796 2738 corr.
814 2718 902 2738 man.
923 2709 937 2738 1
956 2718 997 2738 ex
1013 2709 1078 2738 illa
1094 2710 1129 2744 G,
1144 2709 1219 2738 illic
1237 2706 1352 2746 Fayus
1368 2706 1539 2747 probante
1556 2705 1727 2736 Bentleio.

194 2769 234 2791 ac
250 2769 332 2790 sane
348 2759 475 2789 mirum
494 2758 609 2790 uideri
629 2762 747 2799 potest
769 2758 967 2797 Manilium,
987 2769 1065 2790 cum
1089 2768 1102 2789 Ι
1126 2759 1201 2797 243,
1220 2767 1250 2789 11
1273 2758 1348 2796 336,
1367 2758 1431 2789 650
1453 2756 1522 2788 illic
1543 2756 1726 2798 posuisset,

193 2811 259 2842 hoc
286 2810 361 2841 loco
384 2810 565 2851 antiquam
593 2810 802 2851 praetulisse
828 2810 973 2841 formam
1000 2820 1157 2851 quaeque
1182 2820 1224 2840 ne
1247 2809 1341 2850 apud
1365 2808 1560 2849 Vergilium
1587 2807 1728 2848 quidem

193 2865 290 2895 extet
316 2861 384 2892 nisi
409 2861 436 2892 si
464 2861 555 2892 forte
578 2872 692 2902 georg.
720 2870 765 2892 111
792 2861 840 2895 17.
890 2861 950 2892 sed
977 2872 1046 2892 non
1074 2861 1187 2892 minus
1214 2860 1457 2892 admirationis
1484 2859 1614 2890 habent
1640 2869 1731 2900 quae

194 2925 251 2945 uu.
272 2913 335 2945 352
356 2916 392 2944 et
414 2914 476 2945 355
498 2912 651 2944 traditae
673 2916 755 2944 sunt
774 2912 961 2944 uerborum
983 2912 1114 2944 formae
1201 2915 1399 2950 iunguntur
1414 2911 1728 2952 Regiomontanus,
